4492 6475
1255 831 1454 890 ..8-

685 1025 907 1115 procedentis
925 1024 1001 1092 labe
1027 1024 1216 1092 consilium
1234 1024 1377 1093 tacitum
1402 1026 1623 1114 proderetur,
1642 1048 1729 1094 auro
1752 1025 1841 1094 facto
1862 1049 2015 1116 gemmo-

598 1186 601 1192 ,
684 1130 2014 1222 sisquemonilibusonustaseasstatimuocatoZephyrotraditreportandas.

790 1269 812 1336 q
837 1245 923 1334 Quo
940 1263 1110 1336 protenus
1126 1263 1325 1335 perpetrato
1343 1269 1482 1316 sorores
1495 1247 1655 1337 egregiae
1670 1249 1815 1314 domum
1832 1247 2016 1315 redeuntes

685 1351 826 1440 iamque
843 1352 1021 1443 gliscentis
1039 1352 1196 1421 inuidiae
1214 1353 1292 1421 felle
1310 1352 1497 1442 fraglantes
1520 1354 1629 1420 multa
1648 1375 1766 1421 secum
1791 1354 2016 1421 sermonibus

636 1463 653 1527 5
686 1459 817 1525 mutuis
836 1459 1113 1548 perstrepebant.
1133 1458 1191 1530 Sic
1208 1460 1361 1549 denique
1381 1459 1459 1526 infit
1475 1459 1581 1527 altera
1603 1485 1609 1525 :
1627 1457 1692 1527 ‘En
1712 1460 1796 1527 orba
1814 1477 1847 1526 et
1864 1482 1968 1526 saeua
1983 1477 2016 1526 et

686 1565 806 1654 iniqua
822 1566 996 1633 Fortuna!
1014 1566 1141 1633 hocine
1154 1566 1217 1633 tibi
1230 1566 1442 1656 complacuit
1457 1584 1493 1633 ut
1508 1583 1657 1654 utroque
1670 1566 1743 1655 pari
1761 1584 1905 1655 parente
1917 1589 2015 1656 prog-

686 1688 785 1738 natae
812 1671 989 1740 diuersam
1017 1689 1146 1740 sortem
1175 1671 1451 1739 sustineremus?
1479 1691 1512 1739 et
1546 1695 1610 1739 nos
1631 1673 1790 1763 quidem,
1818 1696 1908 1762 quae
1934 1691 2014 1740 natu

686 1777 836 1845 maiores
854 1801 990 1862 sumus,
1011 1779 1146 1846 maritis
1163 1778 1310 1846 aduenis
1328 1779 1474 1847 ancillae
1497 1778 1647 1861 deditae,
1667 1799 1819 1847 extorres
1840 1797 1874 1847 et
1896 1780 1965 1847 lare
1985 1797 2017 1846 et

686 1885 761 1973 ipsa
780 1884 890 1974 patria
913 1888 1096 1976 degamus,
1116 1886 1218 1975 longe
1244 1903 1430 1975 parentum
1458 1887 1554 1953 uelut
1580 1887 1771 1968 exulantes,
1791 1887 1876 1954 haec
1901 1904 2016 1954 autem

618 2017 655 2061 ro
685 1990 894 2072 nouissima,
928 2015 1034 2082 quam
1070 1992 1142 2059 fetu
1176 1993 1322 2060 satiante
1356 2011 1555 2081 postremus
1592 2010 1713 2083 partus
1744 1992 1880 2074 effudit,
1915 1993 2017 2060 tantis

685 2097 814 2186 opibus
835 2116 868 2166 et
888 2099 954 2166 deo
977 2098 1103 2167 marito
1127 2100 1234 2189 potita
1261 2100 1317 2180 sit,
1336 2123 1426 2189 quae
1452 2122 1514 2167 nec
1540 2100 1588 2166 uti
1612 2117 1702 2167 recte
1723 2117 1817 2167 tanta
1840 2100 2015 2168 bonorum

685 2204 787 2293 copia
805 2203 923 2271 nouit?
943 2204 1076 2289 uidisti,
1092 2228 1205 2287 soror,
1221 2225 1351 2294 quanta
1371 2205 1404 2273 in
1424 2208 1531 2274 domo
1548 2206 1661 2274 iacent
1678 2224 1710 2273 et
1724 2206 1841 2295 qualia
1856 2205 2014 2286 monilia,

686 2295 2025 2402 quaepraenitentuestes,quaesplendicantgemmae,quantumpraeterea¹

687 2416 816 2506 passim
844 2418 995 2485 calcatur
1021 2440 1160 2485 aurum.
1181 2417 1290 2506 Quod
1318 2419 1344 2485 si
1375 2419 1539 2487 maritum
1566 2419 1669 2486 etiam
1699 2437 1768 2485 tam
1796 2419 2014 2485 formonsum

619 2531 655 2593 ιδ
687 2542 780 2591 tenet
806 2542 842 2591 ut
864 2525 1040 2604 adfirmat,
1060 2526 1156 2592 nulla
1182 2547 1276 2592 nunc
1301 2525 1335 2592 in
1361 2526 1445 2592 orbe
1471 2544 1543 2593 toto
1569 2525 1703 2593 felicior
1726 2525 1836 2607 uiuit,
1863 2524 2016 2592 fortassis

686 2648 803 2698 tamen
823 2632 1032 2720 procedente
1051 2633 1306 2698 consuetudine
1324 2650 1357 2698 et
1374 2632 1568 2700 adfectione
1583 2632 1746 2712 roborata
1760 2632 1861 2699 deam
1877 2654 2015 2720 quoque

687 2736 783 2804 illam
798 2738 885 2804 deus
900 2737 1047 2805 maritus
1060 2737 1197 2806 efficiet.
1213 2737 1271 2808 Sic
1286 2756 1335 2806 est
1350 2739 1522 2821 hercules,
1536 2740 1584 2805 sic
1598 2762 1634 2806 se
1647 2739 1789 2828 gerebat
1802 2737 2013 2826 ferebatque.

657 2905 662 2912 .
689 2844 762 2911 lam
780 2844 847 2912 iam
868 2867 1007 2912 sursum
1028 2845 1170 2934 respicit
1187 2863 1220 2913 et
1237 2847 1338 2912 deam
1358 2845 1467 2934 spirat
1485 2846 1624 2926 mulier,
1644 2867 1734 2934 quae
1754 2867 1857 2912 uoces
1875 2843 2017 2911 ancillas

689 2950 794 3018 habet
811 2968 844 3017 et
862 2950 978 3018 uentis
1001 2951 1087 3040 ipsis
1114 2951 1304 3043 imperitat.
1324 2959 1370 3020 At
1395 2975 1459 3042 ego
1487 2952 1613 3019 misera
1632 2951 1787 3040 primum
1816 2969 1914 3041 patre
1941 2973 2017 3017 meo

615 3083 657 3127 20
688 3057 865 3124 seniorem
883 3058 1049 3126 maritum
1069 3058 1190 3125 sortita
1208 3080 1300 3140 sum,
1319 3058 1399 3126 dein
1424 3058 1604 3126 cucurbita
1627 3057 1818 3125 caluiorem
1837 3075 1870 3125 et
1892 3056 2018 3146 quouis

688 3187 799 3253 puero
826 3165 1059 3255 pusilliorem,
1078 3184 1239 3233 cunctam
1262 3167 1408 3233 domum
1433 3165 1519 3233 seris
1537 3184 1569 3232 et
1583 3165 1717 3251 ,catenis
1734 3163 1892 3232 obditam
1910 3182 2017 3232 custo·

687 3271 864 3340 dientem'.

805 3403 844 3446 ro
870 3380 1026 3469 Suscipit
1043 3380 1109 3447 alia
1132 3379 1244 3469 z‘Ego
1268 3403 1352 3448 uero
1375 3380 1540 3446 maritum
1567 3379 1744 3447 articulari
1767 3378 1872 3446 ctiam
1895 3377 2019 3445 morbo

688 3487 936 3575 complicatum
965 3505 1223 3576 curuatumque
1250 3509 1288 3553 ac
1318 3509 1380 3576 per
1409 3486 1474 3552 hoc
1504 3485 1684 3553 rarissimo
1712 3507 1877 3553 uenerem
1906 3506 2016 3552 meam

616 3599 657 3664 25
690 3594 900 3661 recolentem
933 3593 1105 3674 sustineo,
1139 3594 1350 3682 plerumque
1379 3594 1533 3661 detortos
1562 3610 1594 3659 et
1626 3593 1770 3660 duratos
1803 3592 1836 3658 in
1867 3590 2017 3679 lapidem

688 3700 817 3792 digitos
835 3699 911 3766 eius
929 3699 1136 3789 perfricans,
1155 3699 1322 3767 fomentis
1339 3699 1444 3767 olidis
1461 3719 1494 3766 et
1511 3699 1639 3788 pannis
1663 3698 1817 3767 sordidis
1834 3715 1867 3766 et
1883 3695 2020 3763 faetidis

688 3806 999 3896 cataplasmatibus
1031 3830 1158 3874 manus
1191 3825 1260 3874 tam
1294 3806 1459 3874 delicatas
1493 3806 1574 3872 istas
1607 3808 1774 3887 adurens,
1808 3826 1871 3871 nec
1903 3800 2021 3870 uxoris

688 3913 880 3981 officiosam
903 3912 1040 3995 faciem,
1060 3916 1120 3981 sed
1140 3915 1296 3983 medicae
1320 3913 1531 3981 laboriosam
1556 3936 1742 4003 personam
1767 3911 1957 3979 sustinens.
1979 3909 2021 3975 Et

689 4041 724 4090 tu
748 4020 907 4110 quidem,
931 4042 1043 4103 soror,
1068 4020 1213 4101 uideris,
1236 4043 1343 4109 quam
1367 4020 1512 4109 patienti
1537 4021 1590 4087 uel
1614 4020 1732 4108 potius
1754 4016 1873 4085 seruili
1895 4015 2019 4104 (dicam

617 4131 660 4197 30
689 4128 784 4195 enim
804 4126 913 4194 libere
927 4127 1021 4215 quod
1041 4126 1166 4210 sentio)
1180 4128 1263 4193 haec
1277 4126 1431 4216 perferas
1446 4126 1578 4193 animo.
1598 4126 1791 4193 Enimuero
1805 4146 1870 4215 ego
1884 4144 2021 4212 nequeo

689 4236 862 4303 sustinere
903 4234 1049 4301 ulterius
1089 4252 1159 4301 tam
1202 4234 1336 4301 beatam
1379 4233 1555 4300 fortunam
1597 4234 1799 4322 conlapsam
1841 4230 2018 4319 indignae.

692 4343 891 4410 Recordare
909 4339 1018 4417 enim,
1038 4363 1144 4429 quam
1164 4341 1327 4429 superbe,
1347 4362 1453 4429 quam
1480 4340 1689 4428 adroganter
1712 4340 1897 4406 nobiscum
1914 4334 2022 4427 egerit

690 4450 808 4538 etipsa
822 4448 1008 4516 iactatione
1021 4448 1232 4515 immodicae
1244 4447 1488 4515 ostentationis
1501 4464 1693 4513 tumentem
1712 4468 1815 4513 suum
1829 4442 2022 4534 prodiderit

690 4556 849 4624 animum
869 4557 981 4645 deque
1000 4554 1106 4622 tantis
1123 4555 1258 4622 diuitiis
1276 4554 1399 4643 exigua
1423 4553 1526 4619 nobis
1549 4553 1659 4618 inuita
1683 4552 1868 4641 proiecerit
1889 4549 2020 4617 confes·

618 4668 658 4734 35
690 4665 825 4752 timque
844 4662 1037 4752 praesentia
1058 4681 1176 4729 nostra
1194 4680 1336 4752 grauata
1352 4660 1500 4750 propelli
1516 4678 1548 4727 et
1565 4660 1672 4726 elllari
1692 4657 1940 4746 exsibilarique
1959 4679 2022 4723 nos

692 4770 842 4838 iusserit.
874 4771 948 4837 Nec
974 4794 1051 4837 sum
1082 4770 1209 4837 mulier
1236 4791 1297 4835 nec
1324 4770 1472 4836 omnino
1497 4766 1606 4856 spir0,
1627 4765 1693 4832 nisi
1720 4787 1795 4832 eam
1821 4786 1960 4853 pessum
1980 4763 2022 4829 de

691 4878 797 4945 tantis
822 4877 951 4966 opibus
974 4878 1144 4945 defecero.
1165 4882 1215 4943 Ac
1234 4876 1260 4941 si
1287 4876 1350 4943 tibi
1376 4877 1495 4955 etiam,
1517 4892 1553 4941 ut
1578 4897 1641 4962 par
1667 4891 1729 4953 est,
1749 4871 1879 4939 inacuit
1905 4888 2021 4937 nostra

691 4985 920 5065 contumelia,
947 4983 1134 5051 consilium
1165 4983 1323 5051 ualidum
1350 4981 1572 5070 requiramus
1601 4979 1738 5046 ambae.
1768 4980 1915 5068 lamque
1944 4976 2021 5058 ista,

692 5115 782 5182 quae
799 5091 959 5173 ferimus,
980 5114 1049 5157 non
1070 5091 1276 5183 parentibus
1302 5091 1429 5157 nostris
1455 5112 1492 5157 ac
1512 5110 1573 5157 nec
1600 5087 1659 5155 ulli
1688 5104 1924 5153 monstremus
1950 5084 2022 5167 alii,
