4492 6475
845 903 890 916 -
937 885 1069 974 27⁴..

295 1059 357 1143 fili,
375 1080 560 1148 nunquam
578 1059 666 1127 mihi
686 1080 854 1127 concessu
869 1059 977 1127 deum
991 1059 1172 1126 decretum
1191 1057 1344 1125 seruaris
1357 1060 1546 1140 honorem,
1564 1059 1623 1125 scd

296 1165 387 1233 istud
406 1184 528 1256 pectus
545 1187 681 1249 meum,
696 1187 768 1256 quo
784 1165 877 1255 leges
891 1164 1149 1233 elementorum
1167 1181 1200 1233 et
1217 1165 1313 1232 uices
1330 1164 1487 1233 siderum
1505 1164 1625 1255 dispo-

295 1289 442 1355 nuntur,
460 1272 728 1340 conuulneraris
746 1272 903 1340 adsiduis
921 1271 1048 1339 ictibus
1066 1270 1269 1360 crebrisque
1287 1290 1446 1340 terrenae
1464 1270 1624 1339 libidinis

295 1378 492 1447 foedaueris
508 1377 649 1448 casibus
662 1396 855 1468 contraque
869 1380 975 1469 leges,
991 1395 1024 1446 et
1037 1377 1151 1468 ipsam
1172 1351 1314 1460 Iuliam,
1329 1376 1627 1467 disciplinamque

295 1484 474 1577 publicam
507 1485 672 1576 turpibus
707 1484 890 1554 adulteriis
929 1484 1228 1553 existimationem
1264 1485 1467 1574 famamque
1507 1507 1624 1551 meam
1657 1477 1674 1542 5

296 1592 449 1676 laeseris,
469 1592 502 1659 in
522 1610 724 1682 serpentes,
739 1593 773 1660 in
800 1591 914 1683 ignes,
933 1591 970 1660 in
993 1590 1097 1674 ieras,
1118 1592 1152 1659 in
1179 1614 1263 1659 aues
1288 1609 1321 1659 et
1344 1591 1496 1684 gregalia
1516 1611 1626 1681 pecua

296 1721 438 1767 serenos
456 1699 577 1767 uultus
595 1721 693 1767 meos
710 1699 851 1767 sordide
870 1697 1108 1781 reformando,
1128 1715 1296 1766 attamen
1315 1697 1509 1766 modestiae
1527 1720 1626 1764 meae

218 1825 221 1832 ’
295 1827 446 1890 memor,
464 1808 632 1896 quodque
651 1805 742 1874 inter
759 1805 842 1873 istas
854 1828 951 1873 meas
969 1825 1097 1872 manus
1111 1805 1278 1888 creueris,
1293 1823 1416 1873 cuncta
1432 1804 1625 1894 perficiam,

294 1913 380 1981 dum
410 1929 528 1980 tamen
558 1911 646 1980 scias
674 1913 835 1980 aemulos
862 1930 942 1979 tuos
971 1934 1095 1979 cauere
1124 1934 1175 1993 ac,
1205 1911 1306 2001 siqua
1333 1933 1428 1979 nunc
1461 1911 1495 1978 in
1526 1911 1627 1978 terris

296 2020 411 2110 puella
430 2019 624 2109 praepollet
641 2018 919 2108 pulchritudine,
942 2017 1135 2108 praesentis
1156 2018 1317 2088 beneficii
1337 2018 1448 2087 uicem
1469 2040 1531 2108 per
1547 2039 1623 2084 eam
1661 2031 1700 2075 10

295 2126 384 2195 mihi
408 2148 595 2217 repensare
612 2144 644 2194 te
661 2122 811 2195 debere’.

402 2233 443 2301 23
471 2232 528 2305 Sic
561 2232 652 2301 fatus
684 2221 782 2302 iubet
814 2233 1035 2301 Mercurium
1068 2234 1154 2301 deos
1186 2254 1310 2300 omnes
1346 2234 1389 2300 ad
1422 2232 1624 2300 contionem

295 2341 459 2429 protinus
475 2361 685 2423 conuocare,
704 2362 742 2408 ac
761 2340 852 2431 siqui
871 2358 971 2407 coetu
990 2340 1194 2408 caelestium
1213 2338 1399 2422 doluisses,
1418 2338 1454 2406 in
1474 2360 1625 2428 poenam

295 2444 1624 2537 decemmiliumnummumconuentumiripronuntiare.Quometustatirn

295 2554 471 2644 completo
491 2553 629 2622 caelesti
648 2554 783 2624 theatro
802 2577 866 2644 pro
883 2554 964 2621 sede
983 2554 1128 2622 sublimi
1147 2554 1272 2622 sedens
1286 2575 1453 2644 procerus
1469 2553 1628 2642 luppiter
1663 2545 1699 2609 ¹5

296 2660 344 2727 sic
368 2661 530 2728 enuntiat
558 2684 564 2727 :
591 2659 668 2730 ‘Dei
695 2660 891 2750 conscripti·
907 2660 1095 2728 Musarum
1125 2660 1220 2743 alb0,
1239 2660 1500 2729 adulescentem
1519 2658 1625 2726 istum

295 2768 390 2857 quod
420 2766 588 2835 manibus
616 2767 706 2835 meis
734 2768 938 2835 alumnatus
962 2767 1045 2852 sim,
1068 2766 1224 2858 profecto
1250 2766 1345 2834 scitis
1366 2788 1504 2848 omnes,
1526 2765 1628 2833 cuius

296 2873 432 2963 primae
465 2873 661 2942 iuuentutis
689 2874 860 2942 caloratos
892 2874 1046 2964 impetus
1079 2873 1178 2942 steno
1203 2875 1357 2963 quodam
1390 2873 1628 2941 cohercendos

296 2980 509 3048 existimaui.
536 2980 598 3053 Sat
618 2998 669 3049 est
693 2981 879 3050 cotidianis
897 3004 979 3049 eum
997 2980 1127 3049 fabulis
1149 2981 1195 3049 ob
1217 2980 1389 3049 adulteria
1414 2997 1628 3069 cunctasque

295 3088 512 3176 corruptelas
547 3087 771 3157 infamatum.
805 3089 980 3157 Tollenda
1013 3107 1063 3156 est
1095 3089 1213 3156 omnis
1250 3088 1386 3156 occasio
1421 3104 1454 3155 et
1490 3085 1627 3154 luxuria
1659 3107 1701 3153 20

296 3193 442 3284 puerilis
464 3194 683 3287 nuptialibus
701 3195 833 3287 pedicis
855 3195 1043 3287 alliganda.
1069 3196 1232 3265 Puellam
1253 3195 1357 3288 elegit
1374 3213 1407 3265 et
1425 3191 1627 3286 uirginitate

296 3302 452 3392 priuauit
468 3321 475 3370 :
492 3321 607 3371 teneat
621 3304 811 3395 possideat,
826 3305 1011 3393 amplexus
1027 3304 1187 3394 Psychen
1204 3326 1345 3394 semper
1357 3302 1431 3371 suis
1445 3301 1628 3370 amoribus

298 3407 519 3499 perfruatur'.
540 3412 584 3478 Et
607 3412 649 3478 ad
667 3412 843 3478 Venerem
866 3410 1003 3479 conlata
1021 3410 1106 3479 facie
1122 3408 1198 3479 ‘nee
1220 3407 1268 3478 tu'
1285 3410 1399 3499 inquit
1414 3410 1510 3492 ‘filia
1529 3408 1627 3498 quic-

296 3538 402 3605 quam
422 3516 640 3601 contristere,
656 3540 718 3584 nec
730 3519 915 3608 prosapiae
927 3536 1042 3585 tantae
1057 3536 1136 3586 tuae
1151 3515 1328 3606 statuique
1341 3517 1384 3584 de
1399 3515 1628 3584 matrimonio

296 3620 435 3691 mortali
455 3641 602 3692 metuas.
621 3624 697 3692 lam
711 3624 790 3692 faxo
808 3625 950 3714 nuptias
969 3647 1037 3693 nou
1058 3624 1226 3717 impares,
1244 3625 1302 3691 sed
1319 3624 1493 3714 legitimas
1509 3641 1541 3691 et
1559 3622 1625 3691 iuri
1658 3624 1699 3689 25

296 3729 393 3797 ciuili
411 3731 606 3822 congruas'.
624 3733 668 3799 Et
681 3731 762 3798 ilico
776 3752 838 3821 per
852 3732 1072 3800 Mercurium
1088 3732 1203 3822 adripi
1218 3733 1377 3822 Psychen
1392 3748 1425 3799 et
1439 3731 1474 3799 in
1490 3730 1624 3797 caelum

296 3837 440 3926 perduci
460 3837 557 3906 iubet
572 3854 606 3905 et
623 3857 783 3927 porrecto
797 3838 996 3906 ambrosiae
1010 3840 1139 3928 poculo
1150 3836 1274 3907 ‘sume'
1288 3838 1403 3927 inquit
1416 3837 1580 3927 Psyche,
1596 3856 1628 3904 et

297 3943 509 4012 immortalis
531 3962 619 4027 esto,
639 3967 702 4012 nec
725 3968 885 4035 unquam
912 3946 1130 4036 digredietur
1154 3969 1172 4013 a
1198 3964 1259 4013 tuo
1278 3967 1369 4013 nexu
1390 3944 1546 4034 Cupide,
1565 3945 1625 4013 sed

300 4050 383 4119 istae
401 4050 505 4118 uobis
523 4050 835 4143 eruntfperpetuae
855 4049 1020 4143 nuptiae’.
1289 4046 1295 4059 '

404 4188 448 4253 24
474 4167 548 4235 Nec
567 4190 680 4251 mora,
698 4190 778 4235 cum
803 4190 886 4235 cena
914 4168 1082 4258 nuptialis
1104 4168 1240 4235 alluens
1263 4167 1458 4236 exhibetur.
1479 4173 1627 4235 Accum-
1658 4166 1701 4233 3ο

297 4273 401 4342 bebat
424 4296 609 4342 summum
637 4291 755 4342 torum
782 4275 945 4357 maritus,
969 4275 1131 4366 Psychen
1157 4274 1293 4365 gremio
1318 4297 1382 4342 suo
1407 4275 1624 4363 complexus.

297 4377 356 4451 Sic
384 4396 515 4447 etcum
542 4404 604 4447 sua
630 4380 768 4450 lunone
796 4381 957 4472 luppiter
982 4404 1020 4448 ac
1046 4381 1175 4449 deinde
1202 4382 1444 4471 perordinem
1473 4381 1533 4448 tori
1556 4381 1624 4448 dei.

296 4486 399 4554 Tunc
413 4487 583 4577 poculum
602 4490 763 4572 nectaris,
782 4488 876 4578 quod
896 4489 1022 4556 uinum
1036 4489 1185 4563 deorum
1204 4507 1268 4570 est,
1285 4488 1362 4556 loui
1377 4488 1523 4577 quidem
1541 4512 1627 4556 suus

297 4593 480 4682 pocillator
494 4594 551 4662 ille
565 4594 716 4662 rusticus
731 4618 832 4684 puer,
846 4596 970 4663 ceteris
985 4618 1071 4663 uero
1084 4594 1189 4665 Liber
1202 4589 1435 4663 ministrabat.
1445 4594 1627 4662 Vulcanus

296 4722 419 4768 cenam
438 4702 625 4790 coquebat,
642 4704 760 4770 Horae
775 4703 864 4771 rosis
881 4721 913 4770 et
926 4703 1049 4771 ceteris
1065 4702 1213 4770 floribus
1227 4700 1625 4793 purpurabant‘omnia,
1658 4700 1698 4765 35

296 4807 438 4877 Gratiae
479 4810 691 4899 spargebant
723 4810 894 4894 balsama,
928 4810 1053 4877 Musae
1086 4832 1173 4877 uoce
1209 4831 1336 4899 canora
1376 4809 1625 4897 personabant,

295 4915 426 5003 Apollo
443 4918 598 4983 cantauit
623 4917 665 4984 ad
683 4915 868 4998 citharam,
886 4919 1010 4984 Venus
1034 4916 1136 4984 suaui
1160 4916 1314 4983 musicae
1337 4915 1481 5005 suppari
1504 4937 1625 5005 gressu

297 5019 478 5089 formonsa
504 5023 658 5107 saltauit,
685 5046 809 5092 scaena
836 5023 903 5091 sibi
933 5024 981 5091 sic
1007 5023 1230 5103 concinnata,
1261 5041 1298 5089 ut
1326 5023 1451 5090 Musae
1480 5021 1625 5111 quidem

298 5127 445 5196 chorum
472 5147 651 5213 canerent,
675 5130 779 5198 tibias
810 5130 945 5200 inflaret
974 5130 1125 5201 Saturus
1145 5148 1178 5198 et
1205 5129 1377 5198 Paniscus
1401 5130 1444 5196 ad
1472 5130 1624 5197 fistulam

298 5235 440 5305 diceret.
464 5235 523 5308 Sic
549 5237 612 5305 rite
631 5238 768 5328 Psyche
786 5239 954 5306 conuenit
972 5237 1007 5304 in
1031 5259 1179 5305 uranum
1206 5236 1397 5327 Cupidinis
1423 5254 1454 5304 et
1473 5236 1627 5305 nascitur
1655 5262 1700 5326 40

298 5341 365 5413 illis
383 5360 523 5413 maturo
541 5363 642 5439 partu
662 5345 746 5429 filia,
763 5367 871 5439 quam
888 5346 1115 5440 Voluptatem
1135 5343 1377 5413 nominamus.
