4492 6475
814 864 1037 930 ..15-

258 1061 371 1150 ripam
403 1059 586 1128 florentem
617 1059 737 1127 herbis
766 1058 940 1147 exposuit.
969 1059 1073 1126 Tunc
1102 1058 1189 1127 forte
1220 1061 1294 1127 Pan
1324 1061 1412 1128 deus
1442 1062 1591 1130 rusticus

259 1167 351 1235 iuxta
370 1167 599 1258 supercilium
618 1166 734 1234 amnis
751 1166 907 1248 sedebat,
924 1166 1129 1255 complexus
1148 1167 1246 1234 Echo
1263 1185 1469 1235 montanam
1488 1169 1590 1236 deam

172 1273 179 1288 '
257 1297 406 1364 eamque
441 1275 583 1342 uoculas
616 1273 843 1341 omnimodas
874 1274 1025 1340 edocens
1057 1273 1252 1356 reccinere3
1288 1274 1448 1363 proxime
1477 1275 1589 1365 ripam

257 1403 348 1472 uago
366 1397 466 1471 pastu
490 1380 679 1448 lasciuiunt
703 1403 841 1447 comam
867 1379 967 1448 lluuii
993 1381 1179 1448 tondentes
1204 1381 1370 1471 capellae.
1392 1382 1591 1450 Hircuosus

179 1571 185 1584 Ι
256 1488 343 1556 deus
368 1487 522 1556 sauciam
550 1488 711 1577 Psychen
737 1505 842 1576 atque
866 1485 1051 1570 defectam,
1075 1506 1267 1577 utcumque
1292 1511 1393 1557 casus
1417 1489 1493 1557 eius
1519 1512 1588 1557 non
1621 1522 1639 1585 5

257 1594 401 1679 inscius,
420 1595 610 1666 clementer
626 1596 669 1663 ad
692 1618 728 1662 se
752 1611 910 1662 uocatam
930 1594 978 1662 sic
996 1595 1191 1683 permulcet
1210 1595 1327 1663 uerbis
1346 1596 1562 1669 lenientibus
1581 1622 1588 1663 ε

254 1702 391 1770 ‘Puella
418 1702 555 1784 scitula,
586 1725 664 1769 sum
692 1702 836 1791 quidem
870 1701 1068 1769 rusticanus
1096 1719 1129 1769 et
1156 1702 1281 1791 upilio,
1312 1704 1372 1770 sed
1402 1704 1591 1771 senectutis

257 1808 412 1898 prolixae
439 1809 609 1877 beneficio
636 1808 755 1878 multis
780 1808 1031 1898 experimentis
1058 1808 1261 1876 instructus.
1287 1811 1417 1878 Verum
1446 1811 1474 1878 si
1501 1829 1590 1879 recte

256 1917 427 2000 coniectO,
446 1917 542 2006 quod
566 1915 720 2006 prolecto
739 1918 931 2006 prudentes
954 1914 1021 1983 uiri
1044 1915 1304 1984 diuinationem
1328 1935 1527 2000 autumant,
1546 1919 1590 1986 ab

258 2023 323 2091 isto
340 2024 513 2092 titubante
541 2042 574 2091 et
600 2024 740 2112 saepius
767 2023 972 2091 uaccillante
1001 2023 1149 2114 uestigio
1176 2024 1290 2113 deque
1318 2024 1431 2092 nimio
1458 2026 1590 2114 pallore
1627 2061 1664 2103 10

257 2131 414 2220 corporis
432 2149 464 2198 et
475 2129 627 2198 adsiduo
641 2130 825 2220 suspiritu,
841 2130 952 2210 immo
966 2148 999 2197 et
1016 2130 1102 2220 ipsis
1122 2131 1364 2199 maerentibus
1377 2131 1488 2199 oculis
1506 2132 1588 2210 tuis,

255 2259 375 2305 amore
395 2236 507 2305 nimio
526 2237 676 2305 laboras.
697 2238 791 2328 Ergo
810 2237 896 2305 mihi
920 2238 1077 2305 ausculta
1096 2260 1160 2305 nec
1183 2255 1214 2305 te
1239 2261 1361 2306 rursus
1384 2239 1591 2328 praecipitio

256 2345 312 2412 uel
332 2344 404 2412 ullo
422 2345 546 2412 mortis
560 2344 727 2412 accersito
746 2351 800 2427 [te]
819 2367 946 2435 genere
961 2344 1128 2434 perimas.
1147 2346 1298 2412 Luctum
1313 2346 1434 2414 desine
1448 2363 1480 2414 et
1497 2369 1590 2435 pone

256 2473 468 2534 maerorem,
510 2451 744 2541 precibusque
785 2451 902 2542 potius
942 2451 1159 2542 Cupidinem
1200 2452 1351 2519 deorum
1393 2453 1588 2521 maximum

256 2560 407 2650 percule,
426 2577 459 2626 et
483 2576 602 2649 utpote
627 2560 889 2627 adulescentem
915 2558 1105 2627 delicatum
1132 2559 1425 2648 luxuriosumque
1452 2561 1591 2628 blandis
1626 2576 1663 2640 ,5

255 2664 439 2755 obsequiis
454 2687 669 2756 promerere.

363 2783 406 2849 215
431 2781 489 2852 Sic
526 2782 641 2849 locuto
673 2782 740 2849 deo
772 2799 910 2871 pastore
944 2781 1113 2870 nulloque
1147 2804 1310 2850 sermone
1352 2782 1489 2850 reddito
1530 2784 1589 2852 sed

255 2890 400 2956 adorato
414 2906 553 2956 tantum
568 2888 714 2956 numine
730 2889 870 2957 salutari
890 2888 1027 2979 Psyche
1045 2888 1159 2979 pergit
1174 2889 1233 2956 ire.
1253 2888 1323 2960 Sed
1337 2911 1418 2956 cum
1433 2889 1588 2979 aliquam

184 3047 187 3052 .
255 2997 407 3064 multum
428 2994 506 3063 uiae
533 2995 705 3063 laboranti
724 2995 873 3086 uestigio
898 3014 1123 3085 pererrasset,
1143 2994 1255 3062 inscio
1272 2996 1428 3084 quodam
1452 2996 1590 3064 tramite

256 3103 326 3169 iam
343 3104 398 3171 die
417 3103 556 3171 labente
574 3103 706 3171 accedit
723 3104 901 3192 quandam
921 3103 1115 3186 ciuitatem,
1135 3103 1255 3193 inqua
1274 3125 1422 3194 regnum
1442 3105 1591 3172 maritus
1621 3132 1664 3177 20

256 3210 363 3278 unius
397 3210 528 3280 sotoris
561 3210 636 3278 eius
668 3210 863 3300 optinebar.
898 3209 982 3300 Qua
1016 3233 1051 3278 re
1084 3210 1222 3302 cognita
1258 3210 1395 3302 Psyche
1433 3210 1587 3280 nuntiari

255 3318 493 3408 praesentiam
511 3340 612 3385 suam
626 3317 738 3386 sorori
753 3318 939 3399 desiderat,
959 3340 1040 3385 mox
1055 3318 1197 3385 inducta
1216 3318 1350 3386 mutuis
1367 3317 1591 3407 amplexibus

254 3424 409 3493 alternae
437 3425 658 3493 salutationis
685 3425 831 3515 expletis
857 3424 1077 3515 percontanti
1104 3448 1228 3493 causas
1257 3427 1433 3493 aduentus
1459 3426 1512 3493 sui
1540 3426 1588 3493 sic
1657 3456 1662 3466 ·

255 3530 377 3621 incipit
402 3559 408 3599 :
431 3530 640 3599 ‘Meministi
663 3532 852 3600 consilium
876 3550 1049 3616 uestrum,
1073 3532 1203 3600 scilicet
1225 3555 1296 3621 quo
1319 3532 1408 3599 mihi
1430 3532 1590 3600 suasistis

254 3656 292 3706 ut
313 3638 476 3722 bestiam,
496 3662 586 3729 quae
609 3640 727 3708 mariti
749 3641 899 3709 mentito
922 3639 1068 3708 nornine
1092 3662 1234 3708 mecum
1256 3640 1471 3730 quiescebat,
1491 3640 1589 3730 prius
1621 3649 1661 3713 25

254 3766 361 3833 quam
403 3744 560 3836 ingluuie
594 3745 710 3815 uoraci
745 3769 802 3814 me
836 3746 1010 3815 misellam
1046 3747 1202 3815 hauriret
1238 3746 1381 3836 ancipiti
1417 3748 1588 3815 nouacula

254 3850 479 3940 perimerem.
505 3851 566 3923 Set
587 3876 668 3922 curn
692 3853 864 3943 primum,
884 3872 920 3920 ut
942 3876 1053 3943 aeque
1075 3854 1269 3944 placuerat,
1291 3854 1433 3921 conscio
1455 3855 1590 3921 lumine

254 3959 373 4026 uultus
391 3958 468 4026 eius
485 3960 617 4050 aspexi,
638 3960 743 4028 uideo
761 3961 894 4029 mirum
912 3960 1149 4049 diuinumque
1168 3983 1313 4049 prorsus
1334 3962 1587 4050 spectaculum,

255 4063 371 4153 ipsum
398 4063 498 4133 illum
525 4066 611 4134 deae
636 4066 784 4135 Veneris
810 4066 937 4150 filium,
957 4067 1075 4156 ipsum
1101 4067 1249 4157 inquam
1274 4066 1490 4156 Cupidinem
1519 4067 1588 4134 leni

254 4169 370 4257 quiete
399 4171 568 4261 sopitum.
597 4178 648 4242 Ac
676 4174 763 4241 dum
791 4174 877 4241 tanti
908 4174 992 4242 boni
1022 4175 1221 4263 spectaculo
1250 4175 1381 4264 percita
1413 4192 1446 4242 et
1479 4173 1588 4241 nimia
1621 4182 1663 4248 30

255 4278 448 4367 uoluptatis
480 4280 580 4369 copia
614 4281 752 4348 turbata
781 4280 921 4349 fruendi
950 4280 1149 4349 laborarem
1185 4280 1318 4370 inopia,
1349 4304 1430 4348 casu
1459 4281 1590 4349 scilicet

254 4405 421 4471 pessumo
451 4385 592 4453 lucerna
621 4385 762 4456 feruens
788 4388 908 4455 oleum
936 4388 1117 4456 rebulliuit
1145 4389 1178 4455 in
1206 4388 1281 4455 eius
1305 4410 1482 4456 umerum.
1503 4386 1588 4476 Quo

254 4491 373 4559 dolore
385 4492 503 4560 statim
516 4515 643 4560 somno
656 4517 818 4562 recussus
830 4494 890 4562 ubi
903 4517 960 4562 me
972 4495 1064 4563 ferro
1077 4513 1109 4562 et
1121 4494 1193 4585 igni
1206 4495 1388 4584 conspexit
1400 4511 1588 4577 armatam,

250 4595 306 4664 “tu
324 4598 489 4687 quidem”
505 4599 621 4689 inquit
635 4600 700 4668 “ob
720 4601 811 4669 istud
830 4618 900 4669 tam
920 4602 1038 4669 dirum
1057 4601 1194 4669 lacinus
1210 4601 1394 4669 confestim
1413 4619 1491 4669 toro
1509 4624 1590 4670 meo

253 4703 391 4772 diuorte
408 4705 543 4795 tibique
561 4730 616 4775 res
634 4724 710 4775 tuas
729 4708 870 4789 habeto,
886 4731 951 4799 ego
966 4731 1051 4776 uero
1065 4731 1223 4777 sororem
1242 4727 1338 4776 tuam
1353 4748 1387 4758 -
1405 4727 1438 4776 et
1457 4730 1586 4776 nomen
1620 4715 1660 4783 35

253 4813 1586 4905 quotucenserisaiebat—iammilticonsestimfarreatisnuptisconiugabo'h

255 4917 298 4984 Et
315 4918 432 4986 statim
448 4919 614 5010 Zephyro
632 4920 814 5010 praecipit,
831 4921 919 4989 ultra
938 4923 1109 4989 terminos
1128 4944 1183 4990 me
1197 4923 1326 4989 domus
1341 4922 1416 4989 eius
1431 4921 1583 4990 efflaret.

361 5056 403 5124 27
431 5036 595 5104 Necdum
610 5058 811 5104 sermonem
828 5038 964 5127 Psyche
979 5037 1130 5121 linierat,
1144 5056 1177 5105 et
1190 5038 1248 5105 illa
1264 5060 1413 5105 uesanae
1429 5038 1588 5106 libidinis

254 5158 286 5207 et
304 5139 459 5210 inuidiae
479 5142 603 5211 noxiae
621 5144 774 5211 stimulis
792 5145 932 5234 agitata,
947 5168 965 5212 e
980 5168 1015 5212 re
1029 5145 1241 5213 concinnato
1258 5146 1444 5213 mendacio
1462 5145 1586 5212 fallens
