4492 6475
824 891 1025 956 ,9...

262 1061 372 1130 immo
390 1083 454 1128 nec
471 1061 620 1128 omnino
637 1061 826 1150 quicquam
850 1063 892 1130 de
915 1062 991 1130 eius
1014 1062 1126 1129 salute
1144 1062 1314 1131 norimus.
1336 1064 1397 1133 Sat
1414 1081 1479 1146 est,
1498 1066 1592 1152 quod

264 1166 358 1255 ipsae
394 1166 551 1236 uidimus
584 1190 673 1256 quae
707 1167 837 1236 uidisse
871 1168 1060 1257 paenituit,
1087 1169 1216 1236 nedum
1248 1187 1284 1236 ut
1311 1170 1533 1260 genitoribus
1561 1190 1593 1238 et

261 1272 429 1341 omnibus
447 1275 588 1364 populis
605 1292 676 1342 tam
696 1275 835 1343 beatum
851 1275 927 1343 eius
940 1275 1146 1343 differamus
1159 1277 1401 1365 praeconium.
1419 1278 1493 1344 Nec
1511 1296 1593 1345 sunt

262 1379 356 1448 enim
383 1379 473 1448 beati
500 1403 652 1469 quorum
671 1381 813 1449 diuitias
839 1404 945 1449 nemo
969 1382 1081 1449 nouit.
1101 1381 1195 1454 Sciet
1220 1406 1256 1449 se
1281 1405 1351 1451 uun
1370 1384 1514 1451 ancillas
1532 1386 1591 1451 sed

261 1509 399 1555 sorores
417 1487 545 1555 habere
565 1486 726 1556 maiores.
748 1488 792 1555 Et
810 1511 903 1555 nunc
920 1487 1065 1577 quidem
1084 1490 1318 1556 concedamus
1337 1490 1379 1557 ad
1399 1491 1542 1559 maritos
1560 1509 1592 1558 et
1623 1501 1637 1565 Ῑ

263 1595 351 1661 lares
369 1615 541 1684 pauperes
559 1612 699 1662 nostros
721 1595 780 1661 sed
798 1595 902 1684 plane
919 1595 1058 1663 sobrios
1080 1595 1292 1676 reuisamus,
1310 1597 1443 1684 diuque
1466 1598 1592 1687 cogita·

262 1699 419 1767 tionibus
436 1700 672 1786 pressioribus
686 1700 877 1770 instructae
889 1703 931 1770 ad
947 1701 1152 1791 superbiam
1168 1704 1403 1792 poeniendam
1419 1703 1592 1772 firmiores

262 1803 467 1875 redeamus'.
1076 1886 1079 1892 ,

374 1937 406 1981 ιι
438 1915 555 1982 Placet
572 1937 638 2005 pro
656 1914 750 1983 bono
772 1916 911 1983 duabus
934 1916 1035 1983 malis
1058 1918 1190 1984 malum
1214 1917 1416 1996 consilium,
1439 1917 1591 2007 totisque

263 2020 410 2089 illistam
424 2021 587 2111 pretiosis
601 2022 811 2091 muneribus
825 2022 1041 2091 absconditis
1055 2045 1191 2090 comam
1206 2023 1384 2091 trabentes
1398 2039 1430 2089 et
1444 2022 1592 2113 proinde

262 2146 298 2195 ut
320 2129 547 2197 merebantur
570 2151 631 2197 ora
655 2130 845 2197 lacerantes
871 2130 1054 2198 simulatos
1080 2130 1318 2219 redintegrant
1342 2130 1455 2197 fletus.
1476 2135 1526 2199 Ac
1544 2131 1592 2198 sic

261 2252 423 2324 parentes
450 2258 592 2324 quoque
622 2237 840 2303 redulcerato
869 2258 1032 2325 prorsum
1059 2237 1181 2304 dolore
1209 2236 1335 2326 raptim
1363 2236 1590 2316 deterrentes,

261 2339 404 2409 uesania
426 2341 584 2432 turgidae
606 2343 733 2410 domus
759 2366 840 2410 suas
863 2344 1096 2424 contendunt,
1114 2344 1236 2411 dolum
1263 2344 1462 2426 scelestum,
1482 2344 1592 2411 immo

262 2470 345 2515 uero
355 2447 585 2538 parricidium
595 2468 768 2518 struentes
776 2468 898 2518 contra
910 2473 1066 2518 sororem
1079 2450 1267 2518 insontem.
1283 2451 1418 2518 Interea
1431 2451 1589 2540 Psychen

262 2554 408 2621 maritus
426 2555 483 2621 ille
501 2578 606 2643 quem
626 2557 734 2624 nescit
752 2580 892 2625 rursum
912 2557 985 2625 suis
1003 2557 1072 2624 illis
1095 2559 1278 2625 nocturnis
1300 2558 1526 2625 sermonibus
1543 2558 1591 2624 sic
1646 2570 1658 2633 ξ

260 2677 462 2728 commonet
491 2660 698 2746 z‘Videsne‚
725 2682 897 2752 quantum
925 2664 988 2731 tibi
1019 2664 1215 2754 periculum
1245 2664 1409 2732 uelitatur
1435 2665 1591 2731 Fortuna

261 2768 424 2835 eminus?
443 2790 495 2850 ac,
515 2769 581 2835 nisi
601 2770 703 2860 longe
725 2772 873 2838 firmiter
894 2793 1096 2860 praecaues‚
1116 2794 1196 2839 mox
1219 2771 1421 2838 comminus
1449 2775 1590 2861 congre·

259 2873 386 2942 dietus.
420 2876 580 2944 Perfidae
614 2877 755 2966 lupulae
788 2877 927 2969 magnis
955 2879 1141 2946 conatibus
1172 2878 1322 2946 nefarias
1352 2877 1499 2946 insidias
1528 2878 1589 2945 tibi

260 2999 478 3072 comparant,
493 3005 645 3073 quatum
659 3007 798 3052 summa
810 3003 909 3053 estut
923 3004 955 3053 te
969 2988 1141 3053 suadeant
1155 3008 1252 3053 meos
1264 2986 1444 3075 explorare
1458 2986 1590 3067 uultus,

260 3111 362 3177 quos,
383 3106 419 3156 ut
435 3089 498 3157 tibi
523 3112 627 3180 saepe
650 3091 823 3181 praedixi,
842 3114 913 3159 non
938 3091 1089 3174 uidebis,
1108 3091 1135 3158 si
1160 3091 1304 3159 uideris.
1327 3093 1420 3182 Ergo
1438 3091 1544 3182 igitur
1563 3092 1589 3159 si
1622 3124 1665 3169 20

259 3196 404 3286 posthac
417 3197 680 3286 pessimaeillae
694 3199 819 3267 lamiae
832 3198 1251 3267 noxiisanimisarmatae
1265 3199 1592 3284 uenerintluenient

259 3320 390 3385 autem,
417 3304 512 3389 scio),
539 3326 653 3394 neque
677 3305 826 3373 omnino
851 3328 1051 3373 sermonem
1078 3304 1237 3373 conseras
1259 3324 1304 3388 et,
1328 3306 1354 3372 si
1383 3305 1416 3373 id
1443 3306 1591 3373 tolerare

259 3396 324 3498 pro
337 3409 491 3499 genuina
505 3410 729 3501 simplicitate
744 3435 878 3502 proque
892 3412 1002 3480 animi
1015 3412 1064 3480 tui
1081 3412 1318 3482 teneritudine
1336 3433 1404 3480 non
1420 3413 1589 3502 potueris,

260 3534 350 3584 certe
372 3520 415 3584 de
439 3518 566 3585 marito
591 3519 640 3585 nil
666 3518 855 3608 quicquam
883 3520 938 3587 uel
965 3519 1087 3587 audias
1114 3519 1168 3587 uel
1193 3520 1418 3609 respondeas.
1440 3521 1532 3587 Nam
1558 3537 1591 3586 et
1694 3564 1696 3569 -

260 3622 429 3692 familiam
449 3641 605 3693 nostram
629 3624 698 3693 iam
717 3626 995 3717 propagabimus
1012 3643 1044 3693 et
1063 3626 1118 3693 hic
1140 3626 1255 3693 adhuc
1277 3625 1449 3694 infantilis
1472 3645 1591 3694 uterus
1621 3638 1663 3702 25

259 3747 368 3819 gestat
400 3730 504 3799 nobis
539 3730 708 3800 infantem
741 3732 865 3813 alium,
899 3734 927 3800 si
960 3733 1087 3801 texeris
1121 3751 1239 3801 nostra
1272 3751 1401 3801 secreta
1434 3733 1589 3816 silentiu,

258 3836 437 3919 diuinum,
456 3838 484 3904 si
504 3838 762 3928 prolanaueris‚
779 3840 985 3908 mortalem'.

371 3975 408 4019 12
437 3953 575 4021 Nuntio
605 3954 741 4045 Psyche
772 3956 860 4022 laeta
890 3956 1035 4025 florebat
1063 3974 1095 4022 et
1123 3955 1267 4023 diuinae
1297 3955 1431 4022 subolis
1460 3956 1590 4023 solacio

259 4059 447 4147 plaudebat
474 4079 507 4128 et
535 4060 641 4129 futuri
672 4060 831 4152 pignoris
860 4063 970 4153 gloria
999 4062 1169 4154 gestiebat
1193 4079 1225 4128 et
1255 4062 1402 4130 materni
1434 4062 1591 4131 nominis

258 4165 427 4256 dignitate
438 4167 844 4257 gaudebatjfflescentes
857 4170 932 4237 dies
943 4187 977 4237 et
990 4192 1129 4238 menses
1140 4187 1305 4236 exeuntes
1315 4169 1417 4236 anxia
1428 4189 1590 4238 numerat
1621 4170 1663 4237 30

259 4289 291 4339 et
316 4272 474 4341 sarcinae
500 4275 636 4342 nesciae
663 4276 865 4343 rudimento
891 4276 1039 4344 miratur
1063 4278 1106 4344 de
1131 4276 1231 4344 breui
1258 4275 1428 4366 punctulo
1452 4295 1587 4344 tantum

259 4378 553 4448 incrementulum
574 4381 757 4471 locupletis
775 4383 876 4450 uteri.
897 4382 966 4454 Sed
985 4383 1054 4450 iam
1073 4402 1187 4473 pestes
1202 4382 1280 4450 illae
1298 4384 1589 4472 taeterrimaeque

259 4484 368 4553 furiae
402 4487 608 4556 anhelantes
639 4488 823 4578 uipereum
855 4490 953 4557 uirus
975 4508 1014 4557 ¹et
1043 4489 1247 4558 festinantes
1277 4490 1385 4579 impia
1414 4490 1588 4558 celeritate

258 4594 485 4684 nauigabant.
504 4596 608 4664 Tunc
634 4596 682 4664 sic
700 4597 826 4665 iterum
854 4598 1108 4666 momentarius
1136 4597 1281 4664 maritus
1306 4619 1405 4664 suam
1427 4597 1586 4687 Psychen

257 4702 424 4770 admonet
436 4728 443 4768 ε
454 4702 549 4771 ‘Dies
561 4703 731 4794 ultimasset
744 4727 844 4772 casus
854 4708 1041 4772 extremus!
1061 4705 1114 4772 En
1127 4727 1229 4771 sexus
1243 4703 1390 4771 infestus
1400 4723 1432 4771 et
1446 4703 1588 4794 sanguis
1619 4703 1660 4769 35

258 4807 423 4876 inimicus
448 4809 515 4876 iam
540 4811 690 4900 sumpsit
712 4834 809 4879 arma
832 4829 864 4879 et
885 4828 995 4879 castra
1017 4810 1212 4879 commouit
1229 4829 1261 4878 et
1285 4811 1394 4878 aciem
1415 4810 1539 4879 direxit
1556 4828 1589 4877 et

257 4915 439 4983 classicum
456 4917 672 5006 personauit.
690 4918 763 4985 lam
782 4938 948 4986 mucrone
962 4917 1127 4986 destricto
1142 4917 1303 5008 iugulum
1319 4935 1418 4984 tuum
1436 4916 1587 4984 nefariae

257 5040 336 5089 tuae
368 5045 506 5090 sorores
544 5040 677 5113 petunt.
719 5026 799 5092 Heu
838 5024 980 5112 quantis
1018 5046 1212 5115 urguemur
1244 5024 1416 5103 cladibus,
1451 5023 1587 5113 Psyche

257 5128 472 5200 dulcissima!
492 5130 561 5199 Tui
581 5131 761 5221 nostrique
779 5130 945 5198 miserere
963 5130 1196 5223 religiosaque
1210 5130 1424 5197 continentia
1440 5131 1585 5198 domum
1642 5118 1648 5133 ⁴
