4492 6475
1393 958 1939 1048 commixtisque
1974 956 2361 1025 aceruatim
2395 954 2708 1025 confusis
2744 956 2815 1024 in
2845 978 3077 1024 unum
3112 957 3531 1047 grumulum
3567 955 3663 1024 sic
3698 957 3782 1025 ad
3822 957 4014 1024 illam
4051 983 4066 1024 ε

1388 1064 1692 1133 ‘Videris
1720 1065 1912 1133 enim
1943 1063 2118 1132 mihi
2151 1082 2293 1131 tam
2321 1061 2663 1132 deformis
2690 1061 2942 1130 ancilla
2974 1063 3171 1131 nullo
3199 1063 3338 1130 alio
3365 1064 3484 1131 sed
3514 1050 3789 1131 tantum
3820 1064 4071 1131 sedulo

1401 1172 1795 1240 ministerio
1831 1190 2179 1240 amatores
2224 1190 2383 1238 tuos
2429 1169 2847 1260 promereri,
2889 1170 3028 1237 iam
3065 1193 3234 1261 ergo
3270 1188 3337 1237 et
3372 1171 3521 1260 ipsa
3556 1170 3833 1260 frugem
3870 1188 4069 1237 tuam

1397 1278 1870 1367 periclitabor.
1958 1278 2293 1346 Discerne
2369 1276 2726 1344 seminum
2808 1276 3105 1344 istorum
3189 1276 3552 1366 passiuam
3630 1276 4067 1368 congeriem,

1297 1391 1329 1451 Ξ
1397 1386 1837 1477 singulisque
1889 1384 2126 1476 granis
2163 1384 2290 1452 rite
2326 1382 2687 1474 dispositis
2722 1403 2932 1474 atque
2966 1382 3302 1474 seiugatis
3345 1402 3503 1451 ante
3549 1383 3776 1473 ipsam
3813 1405 4070 1473 uespe-

1397 1515 1547 1559 ram
1611 1515 1793 1582 opus
1858 1490 2270 1582 expeditum
2316 1489 2737 1580 ,approbato
2808 1487 3026 1557 mihi³.
3098 1488 3214 1560 Sic
3279 1490 3634 1581 assignato
3707 1508 4067 1558 tantorum

1397 1598 1757 1667 seminum
1808 1598 2100 1666 cumulo
2146 1597 2297 1688 ipsa
2334 1617 2546 1664 cenae
2591 1595 2890 1687 nuptiali
2928 1596 3295 1664 concessit.
3330 1598 3478 1665 Nec
3509 1597 3779 1687 Psyche
3811 1619 4070 1664 manus

1397 1705 1786 1773 admolitur
1851 1703 2253 1772 inconditae
2323 1703 2420 1770 illi
2489 1722 2554 1771 et
2629 1702 3089 1771 inextricabili
3158 1703 3356 1785 moli,
3426 1705 3545 1771 sed
3627 1703 4069 1771 immanitate

1401 1811 1748 1903 praecepti
1787 1827 2228 1879 consternata
2259 1810 2474 1878 silens
2502 1809 2958 1899 obstupescit.
2989 1812 3196 1878 Tunc
3221 1810 3595 1878 formicula
3624 1810 3739 1877 illa
3768 1808 4069 1900 paruula

1265 1947 1337 1987 m
1397 1939 1603 2007 atque
1660 1918 1996 2001 ruricula,
2035 1936 2218 1986 certa
2268 1916 2695 1985 difficultatis
2742 1933 2973 1984 tantae
3019 1917 3452 2006 laborisque,
3491 1917 3775 1985 miserta
3819 1934 4070 1984 contu-

1401 2025 1705 2093 bernalis
1739 2024 1974 2116 magni
2013 2023 2122 2092 dei
2162 2047 2546 2113 socrusque
2575 2023 2946 2092 saeuitiam
2984 2043 3321 2107 execrata,
3352 2025 3757 2093 discurrens
3794 2024 4070 2091 nauiter

1397 2151 1741 2200 conuocat
1819 2148 2281 2222 corrogatque
2347 2148 2673 2198 cunctam
2752 2129 3215 2198 formicarum
3280 2131 3680 2199 accolarum
3743 2132 4062 2197 classem.

1393 2237 1889 2320 ‘Miseremini,
1951 2255 2173 2305 terrae
2234 2238 2750 2327 omniparentis
2814 2237 3029 2328 agiles
3094 2238 3453 2320 alumnae,
3508 2236 3943 2306 miseremini
4000 2254 4070 2303 et

1401 2344 1685 2413 ,amoris
1738 2343 1968 2427 uxori,
2006 2344 2283 2433 puellae
2336 2343 2634 2433 lepidae,
2673 2344 3089 2434 periclitanti
3146 2362 3471 2434 prompta
3508 2344 3876 2412 uelocitate
3910 2367 4068 2411 suc-

1265 2459 1333 2519 15
1397 2449 1698 2519 currite'.
1765 2452 2014 2519 Ruunt
2062 2450 2238 2518 aliae
2297 2473 2651 2540 superque
2708 2450 2885 2518 aliae
2943 2454 3284 2541 sepedum
3343 2452 3778 2542 populorum
3837 2452 4068 2519 undae

1401 2580 1829 2648 summoque
1918 2557 2153 2626 studio
2235 2556 2556 2648 singulae
2635 2558 2984 2648 granatim
3051 2576 3278 2626 totum
3335 2558 3667 2650 digerunt
3730 2579 4064 2626 aceruum

1399 2663 1926 2754 separatimque
1952 2663 2350 2732 distributis
2377 2664 2783 2752 dissitisque
2813 2664 3193 2755 generibus
3219 2688 3254 2732 e
3282 2682 3660 2754 conspectu
3693 2663 4068 2755 perniciter

1401 2771 1683 2841 abeunt.

1623 2910 1691 2954 11
1754 2885 1892 2958 Sed
1923 2886 2126 2955 initio
2150 2886 2374 2953 noctis
2402 2909 2438 2953 e
2464 2886 2802 2954 conuiuio
2828 2886 3126 2977 nuptiali
3155 2886 3325 2955 uino
3350 2888 3644 2954 madens
3666 2904 3731 2954 et
3752 2885 4067 2977 fragrans

1257 3023 1341 3063 εις,
1405 2995 1713 3061 balsama
1749 2994 1995 3061 Venus
2032 3011 2296 3061 remeat
2332 3011 2699 3082 totumque
2737 2994 3048 3061 reuincta
3084 3016 3341 3083 corpus
3387 2992 3564 3060 rosis
3613 2992 4063 3072 micantibus,

1405 3099 1694 3189 uisaque
1745 3099 2112 3191 diligentia
2165 3099 2326 3167 miri
2377 3100 2638 3168 laboris
2678 3096 2844 3167 ‘non
2894 3096 3115 3168 tuum²
3150 3100 3381 3189 inquit
3419 3097 3904 3190 ‘nequissima,
3943 3121 4066 3166 nec

1405 3227 1680 3275 tuarum
1742 3229 2084 3276 manuum
2144 3207 2329 3275 istud
2390 3229 2597 3297 opus,
2636 3208 2754 3276 sed
2817 3206 3029 3291 illius,
3068 3206 3178 3276 cui
3239 3225 3386 3290 tu0,
3445 3207 3665 3275 immo
3723 3224 3789 3275 et
3848 3206 4068 3297 ipsius

1405 3313 1589 3382 [nalo
1627 3311 1992 3404 placuisti².
2035 3315 2123 3382 Et
2169 3314 2391 3382 frusto
2427 3314 2672 3382 cibarii
2712 3314 2914 3404 panis
2950 3314 3008 3382 ei
3058 3316 3368 3405 proiecto
3412 3314 3727 3382 cubitum
3767 3313 4062 3382 facessit.

1409 3421 1699 3489 Interim
1736 3420 2019 3510 Cupido
2056 3423 2250 3489 solus
2286 3420 2643 3489 interioris
2679 3423 2936 3489 domus
2983 3422 3320 3512 gunaecei
3358 3421 3708 3503 [cubiculi]
3753 3420 4066 3488 custodia

1261 3547 1337 3611 Ἐξ,
1405 3531 1682 3595 clausus
1728 3527 2233 3596 coherccbatur
2290 3527 2567 3611 acriter,
2624 3527 2876 3617 partim
2940 3551 3028 3595 ne
3086 3529 3425 3618 petulanti
3481 3527 3752 3596 luxurie
3808 3527 4067 3595 uulnus

1405 3652 1751 3723 grauaret,
1791 3635 2045 3725 partim
2099 3657 2182 3701 ne
2226 3658 2387 3703 cum
2425 3659 2550 3702 sua
2585 3634 2819 3725 cupita
2872 3634 3309 3702 conueniret.
3364 3634 3481 3706 Sic
3531 3657 3697 3725 ergo
3748 3632 4068 3702 distentis

1405 3759 1469 3808 et
1533 3742 1665 3809 sub
1722 3764 1867 3809 uno
1924 3759 2102 3809 tecto
2160 3742 2499 3831 separatis
2554 3742 2990 3810 amatoribus
3048 3759 3220 3810 tetra
3287 3764 3422 3809 nox
3480 3741 3861 3809 exanclata.
3930 3740 4068 3812 Sed

1405 3856 1680 3916 aurora
1737 3850 2195 3916 commodum
2233 3849 2671 3938 inequitante
2710 3867 2995 3917 uocatae
3036 3849 3348 3938 Psychae
3382 3850 3627 3917 Venus
3665 3848 3816 3916 infit
3851 3847 4010 3915 talia
4049 3866 4063 3914 ε

1401 3956 1734 4022 ‘Videsne
1802 3954 1972 4023 illud
2043 3978 2321 4039 nemus,
2376 3957 2566 4045 quod
2625 3956 2847 4024 fluuio
2902 3956 3400 4045 praeterluenti
3461 3955 3775 4046 ripisque
3842 3954 4070 4046 longis

1261 4084 1345 4148 ΞΗ
1405 4062 1817 4146 attenditur,
1855 4061 2054 4130 cuius
2091 4062 2212 4130 imi
2256 4063 2565 4153 gurgites
2613 4063 2929 4131 uicinum
2967 4062 3229 4131 fontem
3283 4063 3729 4153 despiciunt?
3767 4085 3938 4130 oues
3972 4060 4066 4129 ibi

1409 4168 1694 4236 nitentis
1758 4168 1909 4236 auri
1975 4170 2225 4237 decore
2292 4170 2621 4238 florentes
2689 4170 3114 4239 incustodito
3186 4188 3384 4260 pastu
3457 4187 3826 4260 uagantur.
3899 4170 4071 4238 Inde

1409 4280 1489 4344 de
1542 4299 1743 4344 coma
1801 4276 2088 4366 pretiosi
2152 4277 2435 4344 uelleris
2492 4279 2785 4345 floccum
2853 4277 3028 4345 mihi
3088 4277 3456 4345 confestim
3512 4300 3801 4366 quoquo
3861 4277 4070 4344 modo

1409 4383 1801 4472 quaesitum
1839 4383 2113 4451 adferas
2148 4383 2440 4452 censeo'.

1634 4513 1707 4559 12
1762 4491 2079 4559 Perrexit
2147 4492 2421 4583 Psyche
2491 4494 2832 4576 nolenter,
2901 4515 3042 4559 non
3111 4492 3534 4582 obsequium
3601 4491 3887 4580 quidem
3956 4490 4072 4558 illa

1265 4620 1345 4684 332.
1413 4600 1756 4681 functura,
1795 4599 1912 4665 sed
1953 4599 2268 4687 requiem
2308 4600 2654 4667 malorum
2694 4599 3104 4689 praecipitio
3139 4598 3448 4666 fluuialis
3485 4599 3682 4688 rupis
3716 4597 4067 4666 habitura.

1413 4707 1549 4776 Sed
1610 4706 1771 4772 inde
1827 4706 1914 4772 de
1970 4706 2192 4773 fluuio
2252 4707 2558 4773 musicae
2620 4706 2857 4774 suauis
2910 4707 3283 4790 nutricula,
3340 4705 3476 4773 leni
3531 4706 3797 4795 crepitu
3848 4704 4074 4772 dulcis

1413 4835 1618 4880 aurae
1664 4812 2012 4880 diuinitus
2059 4813 2426 4903 inspirata,
2474 4814 2570 4881 sic
2616 4813 3039 4882 uaticinatur
3082 4814 3356 4881 arundo
3399 4812 3648 4881 uiridis
3695 4813 4069 4902 :‘Psyche,

1413 4919 1620 4988 tantis
1663 4919 2023 4987 aerumnis
2068 4921 2391 5005 exercita,
2432 4943 2657 5010 neque
2693 4939 2808 4988 tua
2855 4919 3252 4988 miserrima
3299 4936 3520 4987 morte
3566 4941 3757 4987 meas
3801 4936 4073 4986 sanctas

1413 5051 1629 5116 aquas
1675 5027 1947 5119 polluas
1993 5050 2118 5098 nec
2166 5050 2334 5095 uero
2382 5027 2561 5097 istud
2611 5028 2823 5096 horae
2868 5044 3106 5097 contra
3155 5026 3638 5097 formidabiles
3679 5048 3851 5093 oues
3894 5025 4074 5093 feras

1924 6466 2041 6475 ,²—
2075 6466 2154 6472 ς-
2175 6467 2343 6475 **--q-
2361 6466 2563 6475 Ἥ--υ-
