4492 6475
805 865 1027 932 ..25-

365 1058 404 1126 18
423 1059 642 1126 Lacedaemo
655 1057 811 1127 Achaiae
826 1057 957 1126 nobilis
969 1056 1095 1126 ciuitas
1110 1081 1179 1126 non
1196 1059 1299 1149 longe
1314 1057 1377 1127 sita
1390 1078 1442 1127 est
1457 1086 1464 1126 t
1479 1059 1587 1128 huius

252 1164 527 1246 conterminam,
545 1163 660 1232 deuiis
678 1164 834 1232 abditam
853 1165 950 1248 locis,
968 1186 1098 1253 quaere
1121 1166 1340 1233 Taenarum.
1362 1165 1455 1232 Inibi
1475 1166 1586 1256 spira-

253 1272 374 1339 culum
402 1270 493 1340 Ditis
519 1289 552 1339 et
577 1293 640 1361 per
666 1290 785 1361 portas
812 1259 950 1339 hiantes
978 1287 1197 1338 monstratur
1224 1271 1289 1339 iter
1307 1271 1463 1355 inuium,
1481 1272 1535 1339 cui
1556 1291 1586 1340 te

254 1378 365 1446 limite
388 1395 601 1446 transmeato
624 1378 731 1445 simul
754 1377 989 1458 commiseris,
1010 1377 1079 1444 iam
1101 1377 1221 1444 canale
1243 1377 1375 1445 directo
1398 1400 1521 1467 perges
1543 1379 1586 1445 ad

255 1483 368 1574 ipsam
397 1483 481 1552 Orci
512 1485 657 1575 regiam.
689 1483 758 1556 Sed
792 1506 864 1552 non
899 1484 1069 1552 hactenus
1098 1506 1210 1551 uacua
1243 1483 1389 1551 debebis
1418 1506 1480 1572 per
1510 1485 1587 1552 illas
1618 1488 1636 1552 5

254 1590 415 1659 tenebras
449 1590 624 1673 incedere,
652 1591 711 1658 sed
744 1591 830 1658 offas
863 1591 1025 1680 polentae
1055 1590 1173 1657 mulso
1205 1608 1384 1658 concretas
1413 1590 1587 1658 ambabus

254 1714 387 1786 gestare
406 1697 586 1780 manibus,
605 1714 640 1764 at
665 1697 698 1763 in
720 1697 796 1786 ipso
813 1719 873 1765 ore
896 1698 985 1764 duas
1007 1696 1096 1764 ferre
1119 1697 1238 1787 stipes.
1261 1698 1408 1786 lamque
1431 1696 1587 1765 conlecta

254 1804 346 1872 bona
365 1821 460 1893 parte
478 1804 680 1872 mortiferae
698 1803 777 1872 uiae
794 1803 1032 1871 continaberis
1055 1804 1222 1870 claudunt
1244 1802 1387 1870 asinum
1406 1804 1586 1894 lignorum

253 1911 417 2001 gerulum
446 1932 528 1978 cum
557 1933 709 2001 agasone
739 1910 861 1992 simili,
891 1909 951 2000 qui
986 1929 1018 1977 te
1045 1909 1182 2000 rogabit
1210 1909 1404 1978 decidentis
1430 1910 1587 1978 sarcinae

253 2017 436 2085 fusticulos
460 2016 598 2107 aliquos
616 2017 776 2108 porrigas
794 2017 846 2099 ei,
874 2018 934 2085 sed
960 2035 996 2084 tu
1024 2018 1120 2085 nulla
1140 2040 1226 2085 uoce
1248 2018 1458 2106 deprompta
1484 2017 1587 2085 tacita
1624 2043 1660 2085 ro

254 2125 453 2213 praeterito,
475 2124 549 2192 Nec
575 2146 688 2208 mora,
710 2146 792 2191 cum
817 2125 859 2191 ad
886 2124 1020 2192 flumen
1043 2142 1227 2191 mortuum
1252 2123 1388 2206 uenies,
1406 2123 1463 2190 cui
1487 2146 1587 2213 prae·

252 2229 362 2298 fectus
376 2232 517 2298 Charon
534 2249 704 2319 protenus
717 2248 884 2320 expetens
898 2231 1112 2320 portorium,
1127 2231 1176 2297 sic
1191 2231 1233 2297 ad
1251 2229 1365 2319 ripam
1380 2230 1585 2316 ulteriorem

253 2337 347 2404 sutili
373 2337 502 2405 cumba
525 2338 667 2406 deducit
691 2357 943 2406 commeantes.
965 2338 1059 2427 Ergo
1085 2354 1117 2404 et
1143 2339 1234 2404 inter
1259 2354 1419 2404 mortuos
1438 2338 1586 2405 auaritia

254 2443 357 2527 uiuit,
373 2465 436 2511 nec
450 2444 591 2513 Charon
608 2444 664 2511 ille
680 2445 735 2512 uel
753 2444 842 2512 Ditis
858 2462 968 2533 pater,
981 2461 1099 2511 tantus
1113 2445 1215 2526 deus,
1227 2443 1420 2533 quicquam
1434 2444 1587 2534 gratuito

253 2549 346 2632 facit,
365 2567 416 2618 set
442 2549 599 2619 moriens
621 2574 757 2641 pauper
775 2551 944 2619 uiaticum
973 2550 1076 2618 debet
1102 2573 1286 2639 quaerere,
1305 2567 1337 2617 et
1364 2573 1423 2617 aes
1444 2550 1470 2617 si
1500 2550 1587 2618 forre
1623 2561 1659 2624 15

254 2680 335 2746 prae
360 2679 469 2725 manu
494 2679 563 2724 non
586 2657 705 2740 fuerit,
724 2680 829 2725 nemo
847 2680 930 2725 eum
948 2658 1107 2747 expirare
1126 2658 1289 2747 patietur.
1312 2656 1406 2725 Huic
1425 2657 1587 2746 squalido

253 2764 327 2831 seni
346 2764 447 2832 dabis
470 2764 566 2832 nauli
591 2763 736 2832 nomine
755 2765 797 2832 de
820 2764 973 2854 stipibus
995 2786 1083 2852 quas
1105 2763 1196 2831 feres
1218 2764 1377 2846 alteram,
1397 2764 1445 2830 sic
1467 2780 1585 2830 tamen

253 2889 291 2938 ut
309 2870 382 2961 ipse
400 2894 463 2938 sua
481 2894 590 2938 manu
608 2872 651 2939 de
665 2889 726 2939 tuo
743 2889 861 2939 sumat
873 2893 946 2939 ore,
965 2871 1038 2938 Nec
1053 2871 1163 2937 serius
1176 2870 1238 2938 tibi
1255 2871 1397 2960 pigrum
1411 2870 1587 2937 fluentum

253 2977 482 3045 transmeanti
510 2978 658 3067 quidam
688 2996 922 3069 supernatans
951 3000 1058 3045 senex
1087 2995 1251 3045 mortuus
1278 2979 1390 3067 putris
1415 2977 1587 3045 adtollens

254 3107 381 3151 manus
398 3085 513 3153 orabit
530 3104 569 3152 ut
585 3108 666 3152 eum
691 3085 780 3154 intra
800 3085 985 3179 nauigium
1004 3085 1142 3166 trahas,
1167 3107 1229 3152 nec
1252 3103 1288 3152 tu
1312 3102 1429 3152 tamen
1455 3084 1587 3152 inlicita
1618 3113 1660 3160 20

253 3191 437 3260 adflectare
455 3192 596 3282 pietate.

366 3331 405 3398 ¹9
429 3309 597 3377 Transito
615 3308 727 3377 fluuio
746 3310 927 3377 modicum
950 3328 982 3378 te
1006 3332 1226 3399 progressam
1251 3311 1410 3377 textrices
1434 3310 1587 3377 orabunt

253 3437 355 3499 anus,
373 3417 478 3483 telam
498 3433 686 3499 struentes,
701 3439 830 3485 manus
849 3417 1029 3506 paulisper
1046 3418 1313 3499 accommodes,
1333 3438 1396 3484 nec
1415 3416 1448 3484 id
1468 3433 1585 3483 tamen

252 3521 315 3589 tibi
330 3523 534 3613 contingere
548 3523 599 3590 sas
613 3540 675 3591 est.
693 3525 726 3592 N
731 3546 786 3590 arn
806 3525 1026 3592 haecomnia
1043 3522 1106 3590 tibi
1126 3540 1158 3590 et
1175 3525 1286 3590 multa
1300 3523 1367 3590 alia
1381 3524 1424 3590 de
1438 3523 1587 3590 Veneris

254 3627 392 3696 insidiis
418 3630 591 3713 orientur,
615 3649 654 3698 ut
680 3630 735 3698 uel
765 3653 871 3698 unam
900 3631 943 3698 de
970 3628 1137 3697 manibus
1164 3631 1306 3697 omittas
1332 3630 1490 3697 offulam.
1513 3630 1587 3696 Nec
1617 3642 1658 3706 25

254 3752 354 3825 putes
376 3735 475 3804 futile
494 3735 586 3805 istud
609 3737 848 3827 polentacium
872 3739 1045 3805 damnum
1069 3737 1159 3804 leue.
1180 3738 1297 3804 Altera
1321 3735 1417 3803 enim
1436 3736 1585 3825 perdita,

254 3843 312 3910 lux
327 3843 410 3910 haec
424 3842 487 3910 tibi
499 3866 644 3933 prorsus
658 3844 902 3933 denegabitur.
915 3844 1024 3914 Canis
1040 3866 1195 3932 namque
1207 3843 1436 3934 praegrandis
1449 3842 1586 3933 teriugo

254 3968 285 4017 et
302 3949 386 4016 satis
403 3950 524 4039 amplo
541 3950 654 4041 capite
672 3950 864 4040 praeditus,
884 3950 1053 4018 immanis
1067 3969 1100 4017 er
1117 3949 1366 4029 formidabilis,
1381 3948 1586 4017 tonantibus

253 4056 432 4125 oblatrans
460 4056 637 4139 faucibus,
667 4076 840 4140 mortuos,
870 4057 1002 4147 quibus
1032 4058 1102 4125 iam
1133 4057 1181 4125 nil
1212 4057 1294 4123 mali
1320 4073 1433 4145 potest
1459 4056 1584 4137 lacere,

254 4163 381 4231 frustra
390 4162 596 4245 territand0,
611 4186 691 4231 ante
706 4164 823 4253 ipsum
837 4164 946 4231 limen
961 4183 995 4231 et
1007 4184 1080 4232 atra
1094 4164 1180 4232 atria
1196 4163 1431 4253 Proserpinae
1446 4186 1586 4252 semper·
1616 4174 1658 4241 30

253 4270 443 4352 excubans,
470 4287 587 4338 seruat
615 4292 765 4337 uacuam
798 4272 887 4339 Ditis
916 4273 1078 4339 domum.
1101 4273 1209 4340 Hunc
1235 4270 1447 4338 offrenatum
1478 4270 1585 4337 unius

253 4377 380 4444 offulae
398 4379 528 4467 praeda
546 4376 645 4445 facile
664 4377 870 4467 praeteribis
887 4380 930 4445 ad
946 4379 1132 4467 ipsamque
1149 4378 1312 4468 protinus
1332 4376 1582 4466 Proserpinam

254 4482 430 4567 introibis,
445 4506 536 4572 quae
554 4502 585 4551 te
604 4484 752 4551 comiter
765 4484 913 4574 excipiet
927 4507 965 4551 ac
980 4484 1146 4574 benigne,
1163 4504 1200 4552 ut
1214 4504 1246 4551 et
1262 4483 1415 4550 molliter
1432 4483 1583 4550 assidere

253 4607 286 4658 et
307 4590 495 4680 prandium
524 4593 670 4681 opipare
698 4593 843 4659 suadeat
870 4614 1022 4660 sumere.
1055 4592 1125 4662 Sed
1155 4610 1191 4659 tu
1222 4610 1254 4658 er
1281 4591 1379 4658 humi
1410 4589 1524 4658 reside
1553 4608 1585 4657 et

254 4718 379 4786 panem
411 4696 594 4764 sordidum
627 4698 773 4786 petitum
805 4718 891 4778 esm,
922 4698 1048 4766 deinde
1076 4700 1251 4780 nuntiam,
1282 4697 1368 4787 quid
1396 4696 1584 4764 adueneris
1614 4712 1655 4779 35

253 4822 486 4893 susceptoque
504 4804 599 4892 quod
622 4804 935 4891 offereturrursus
961 4828 1122 4874 remeans
1147 4805 1243 4873 canis
1269 4805 1451 4873 saeuitiam
1477 4804 1583 4871 offula

254 4910 387 5000 reliqua
413 4912 560 4995 redime,
580 4935 618 4979 ac
641 4911 769 4980 deinde
796 4935 904 4980 auaro
931 4913 1071 4981 nauitae
1090 4915 1178 4981 dara
1203 4935 1310 5001 quarn
1339 4932 1584 4980 reseruaueras

253 5017 341 5107 stipe
373 5018 591 5107 transitoque
621 5018 696 5086 eius
728 5019 841 5086 lluuio
870 5019 1045 5086 recalcans
1078 5020 1196 5109 priora
1224 5018 1373 5107 uestigia
1401 5020 1444 5085 ad
1476 5016 1582 5085 istuni

253 5124 455 5194 caelestium
473 5125 631 5193 siderum
654 5125 766 5195 redies
787 5127 949 5194 chorum.
970 5126 1041 5199 Sed
1060 5127 1150 5195 inter
1166 5127 1287 5193 onmia
1306 5126 1371 5192 hor
1389 5125 1582 5192 obseruan-
