4492 6475
1261 834 1459 896 ..ss-

693 1029 796 1095 Tunc
815 1026 1006 1117 uirginitati
1027 1050 1109 1095 suae
1128 1050 1192 1117 pro
1209 1044 1304 1095 tanta
1329 1025 1519 1095 solitudine
1544 1045 1706 1095 metuens
1728 1046 1761 1095 et
1777 1045 1883 1116 pauet
1900 1047 1931 1095 et
1949 1029 2023 1094 hor·

695 1132 797 1202 rescit
829 1152 861 1201 et
894 1134 1023 1224 quouis
1055 1133 1149 1201 malo
1182 1135 1262 1224 plus
1294 1133 1394 1211 timet
1422 1136 1518 1225 quod
1549 1134 1698 1225 ignorat.
1730 1134 1876 1223 lamque
1910 1135 2025 1203 aderat

696 1239 864 1332 ignobilis
890 1240 1038 1308 maritus
1064 1260 1097 1308 et
1126 1259 1241 1310 torum
1273 1241 1494 1308 inscenderat
1523 1259 1555 1307 et
1585 1263 1729 1309 uxorem
1762 1239 1829 1307 sibi
1866 1241 2021 1330 Psychen

695 1346 821 1415 fecerat
849 1366 882 1415 et
914 1365 993 1415 ante
1027 1347 1114 1415 lucis
1147 1365 1305 1416 exortum
1340 1370 1489 1438 propere
1518 1347 1735 1415 discesserat.
1768 1346 1894 1418 Statim
1924 1370 2025 1415 uoces

646 1473 664 1536 5
696 1454 858 1522 cubiculo
877 1455 1107 1543 praestolatae
1126 1477 1256 1522 nouam
1275 1455 1421 1542 nuptam
1442 1453 1642 1523 interfectae
1661 1454 1874 1544 uirginitatis
1891 1471 2024 1521 curant.

697 1562 794 1628 Haec
812 1560 951 1628 diutino
969 1578 1128 1650 tempore
1146 1560 1195 1627 sic
1212 1560 1418 1650 agebantur.
1434 1566 1564 1650 Atque,
1579 1578 1617 1628 ut
1633 1579 1684 1628 est
1698 1579 1821 1628 natura
1837 1559 2024 1641 redditum,

696 1667 835 1734 nouitas
851 1690 913 1757 per
926 1667 1111 1735 adsiduam
1126 1668 1419 1735 consuetudinem
1434 1667 1700 1736 delectationem
1717 1667 1746 1734 ei
1764 1668 2025 1735 commendarat

694 1792 727 1840 et
738 1797 847 1841 sonus
858 1775 955 1842 uocis
967 1774 1120 1842 incertae
1133 1774 1336 1842 solitudinis
1348 1793 1421 1842 erat
1431 1774 1614 1841 solacium.
1630 1775 1767 1842 lnterea
1779 1792 1941 1864 parentes
1951 1772 2025 1841 eius

696 1879 870 1948 indefesso
895 1882 989 1949 luctu
1015 1899 1119 1970 atque
1144 1904 1302 1949 maerore
1329 1880 1639 1964 consenescebant,
1670 1881 1843 1970 latiusque
1868 1898 2025 1970 porrecta

626 2027 664 2068 ,0
695 1987 786 2055 sama
813 2011 952 2056 sorores
980 1988 1058 2055 illae
1086 1989 1238 2055 maiores
1265 2007 1388 2056 cuncta
1415 2008 1609 2078 cognorant
1636 2010 1856 2078 propereque
1875 2007 2024 2055 maestae

694 2112 797 2183 atque
817 2094 983 2185 lugubres
1000 2096 1138 2163 deserto
1157 2096 1226 2163 lare
1244 2095 1400 2163 certatim
1420 2096 1463 2162 ad
1487 2113 1671 2185 parentum
1696 2117 1841 2162 suorum
1864 2116 2025 2183 conspec-

694 2221 769 2269 tum
787 2201 1015 2291 adlatumque
1039 2220 1277 2292 perrexerant.

785 2310 802 2375 5
831 2310 881 2377 Ea
900 2328 999 2376 nocte
1017 2310 1059 2376 ad
1079 2332 1179 2376 suam
1201 2309 1362 2399 Psychen
1382 2310 1430 2376 sic
1449 2310 1525 2376 infit
1543 2309 1689 2376 maritus
1707 2315 1871 2397 {suamque
1891 2325 2025 2397 praeter

694 2416 815 2483 oculos
844 2434 876 2483 et
899 2416 1063 2483 manibus
1092 2433 1126 2483 et
1154 2416 1300 2483 auribus
1330 2417 1358 2483 is
1388 2415 1476 2482 nihil
1506 2438 1576 2483 non
1607 2415 1833 2498 sentiebaturl
1854 2414 2025 2504 z‘Psycbe

626 2545 663 2608 15
694 2521 898 2590 dulcissima
916 2540 949 2589 et
972 2545 1049 2589 cara
1076 2545 1177 2605 uxor,
1195 2522 1372 2589 exitiabile
1397 2523 1459 2589 tibi
1487 2522 1682 2612 periculum
1707 2521 1862 2589 mittatur
1887 2520 2025 2588 fortuna

695 2627 846 2710 saeuior,
865 2629 961 2718 quod
983 2629 1248 2696 obseruandum
1272 2629 1446 2718 pressiore
1468 2630 1601 2696 cautela
1624 2651 1761 2696 censeo.
1786 2627 1935 2698 Sorores
1957 2627 2023 2694 iam

695 2753 773 2802 tuae
813 2734 938 2802 mortis
970 2735 1139 2825 opinione
1179 2734 1338 2803 turbatae
1378 2754 1551 2824 tuumque
1585 2735 1773 2824 uestigium
1809 2735 2025 2823 requirentes

694 2841 880 2930 scopulum
909 2842 1013 2908 istum
1042 2842 1205 2932 protinus
1231 2843 1393 2925 aderunt,
1421 2865 1571 2931 quarum
1601 2844 1720 2930 siquas
1746 2840 1834 2909 forte
1862 2842 2023 2908 lamenta·

695 2948 808 3015 tiones
825 2947 1015 3038 acceperis,
1035 2972 1150 3038 neque
1173 2949 1400 3038 respondeas,
1421 2949 1531 3016 immo
1555 2971 1617 3015 nec
1640 2948 1834 3038 prospicias
1856 2947 2023 3024 omnino,

623 3096 665 3141 20
694 3075 847 3123 ceterum
875 3055 962 3123 milti
990 3057 1133 3145 quidem
1162 3056 1414 3147 grauissimum
1441 3057 1615 3138 dolorem,
1643 3055 1705 3124 tibi
1735 3078 1818 3123 uero
1845 3078 2023 3122 summum

694 3161 829 3230 creabis
847 3160 1014 3231 exitium’.
1032 3164 1169 3231 Adnuit
1182 3181 1214 3231 et
1229 3186 1267 3230 ex
1286 3161 1432 3230 arbitrio
1446 3162 1561 3230 mariti
1581 3185 1616 3229 se
1636 3162 1802 3230 facturam
1822 3161 2022 3252 spopondit.

695 3271 766 3342 Sed
785 3293 826 3337 eo
844 3271 949 3338 simul
968 3293 1048 3339 cum
1067 3290 1167 3339 nocte
1185 3271 1322 3360 dilapso
1335 3270 1429 3339 diem
1444 3288 1556 3339 totum
1572 3271 1725 3339 lacrimis
1740 3294 1778 3337 ac
1796 3268 2025 3359 plangoribus

696 3377 830 3445 misella
852 3377 1042 3461 consumit,
1071 3402 1106 3445 se
1136 3401 1230 3446 nunc
1259 3378 1409 3445 maxime
1437 3400 1580 3466 prorsus
1608 3379 1739 3468 perisse
1766 3376 1910 3457 iterans,
1937 3398 2024 3465 quae

696 3485 786 3551 beati
804 3483 953 3551 carceris
975 3485 1132 3552 custodia
1156 3503 1252 3574 septa
1275 3503 1307 3551 et
1333 3486 1507 3552 humanae
1532 3483 1813 3553 conuersationis
1837 3482 2025 3571 conloquio

623 3612 663 3677 25
695 3590 2022 3680 uiduatanecsororibus[quidem]suisdesemaerentibusopemsalutarem

695 3697 840 3765 ferreae
859 3720 901 3764 ne
920 3697 1040 3766 uidere
1058 3720 1116 3765 eas
1134 3698 1277 3786 quidem
1296 3698 1445 3766 omnino
1463 3716 1591 3787 posset.
1614 3699 1688 3765 Nec
1707 3698 1846 3765 lauacro
1869 3719 1932 3764 nec
1948 3695 2024 3762 cibo

696 3828 759 3873 nec
793 3805 861 3871 ulla
894 3803 1047 3894 denique
1081 3804 1268 3873 relectione
1302 3824 1467 3889 recreata,
1502 3805 1589 3872 flens
1622 3805 1774 3872 ubertim
1807 3804 1956 3872 decessit
1982 3803 2024 3868 ad

695 3935 875 3980 somnum.

784 4028 804 4091 6
831 4029 905 4095 Nec
934 4050 1046 4110 mora,
1072 4050 1152 4095 cum
1183 4028 1289 4116 paulo
1319 4027 1491 4094 maturius
1521 4028 1647 4095 lectum
1678 4027 1824 4096 maritus
1853 4026 2025 4093 accubans

622 4154 665 4221 30
695 4157 844 4223 eamque
858 4136 964 4201 etiam
980 4157 1073 4201 nunc
1088 4134 1331 4202 lacrimantem
1345 4133 1549 4222 complexus
1562 4135 1609 4201 sic
1624 4136 1820 4222 expostulat
1835 4160 1842 4200 :
1856 4133 2025 4202 ‘Haecine

696 4241 781 4308 mihi
802 4240 1026 4330 pollicebare,
1044 4242 1179 4331 Psyche
1196 4242 1293 4308 mea?
1313 4240 1398 4329 quid
1415 4241 1483 4307 iam
1498 4242 1540 4307 de
1555 4258 1586 4307 te
1600 4259 1681 4308 tuus
1700 4241 1847 4308 maritus
1861 4240 2024 4330 expecto?

695 4348 780 4437 quid
810 4350 935 4437 spero?
965 4366 998 4415 et
1027 4348 1148 4436 perdia
1177 4366 1210 4414 et
1240 4370 1372 4436 pernox
1402 4370 1464 4414 nec
1494 4347 1584 4414 inter
1612 4348 1794 4435 amplexus
1826 4347 2026 4437 coniugales

695 4455 828 4523 desinis
852 4455 1058 4522 cruciatum.
1078 4461 1153 4546 Age
1177 4455 1246 4521 iam
1271 4477 1364 4521 nunc
1387 4474 1423 4521 ut
1446 4455 1557 4537 uoles,
1577 4474 1609 4522 et
1631 4454 1752 4522 animo
1774 4473 1833 4521 tuo
1855 4455 2025 4522 damnosa

697 4562 853 4652 poscenti
879 4567 1019 4652 pareto!
1048 4581 1182 4631 tantum
1212 4562 1415 4630 memineris
1442 4584 1539 4629 meae
1564 4563 1673 4630 seriae
1701 4562 1920 4644 monitionis,
1946 4583 2024 4627 cum

623 4689 664 4756 35
696 4669 852 4757 coeperis
877 4692 954 4736 sero
978 4669 1178 4759 paenitere'.
1197 4671 1300 4737 Tunc
1319 4669 1376 4735 illa
1403 4669 1565 4759 precibus
1590 4687 1622 4736 et
1647 4672 1732 4737 dum
1759 4692 1794 4736 se
1819 4667 2024 4735 morituram

696 4777 935 4844 comminatur
959 4795 1142 4866 extorquet
1167 4800 1184 4842 a
1211 4778 1337 4843 marito
1361 4776 1489 4865 cupitis
1515 4779 1658 4856 adnuat,
1679 4793 1715 4843 ut
1740 4799 1877 4843 sorores
1896 4774 2025 4855 uideat,

697 4885 810 4951 luctus
829 4885 991 4967 mulceat,
1011 4908 1071 4951 ora
1090 4883 1258 4951 conserat.
1279 4883 1337 4954 Sic
1352 4884 1408 4951 ille
1427 4907 1540 4950 nouae
1560 4902 1689 4972 nuptae
1704 4883 1868 4972 precibus
1886 4882 2025 4950 ueniam

696 4991 819 5058 tribuit
836 5008 868 5057 et
884 4993 1028 5080 insuper
1041 4991 1325 5080 quibuscumque
1342 4992 1445 5058 uellet
1459 5014 1516 5057 eas
1530 4991 1604 5057 auri
1622 4992 1675 5056 uel
1692 4989 1880 5057 monilium
1895 4990 2026 5056 donare

696 5099 880 5185 concessit,
897 5099 955 5165 sed
972 5098 1164 5166 identidem
1182 5098 1318 5165 monuit
1333 5122 1370 5169 uc
1385 5121 1487 5191 saepe
1502 5098 1635 5181 terruit,
1651 5121 1693 5164 ne
1707 5098 1849 5189 quando
1863 5119 2024 5167 sororum
