4492 6475
833 887 1023 950 ,5-

255 1098 504 1170 conteguntur,
534 1078 655 1147 bestiis
683 1097 716 1146 et
745 1078 778 1146 id
811 1100 922 1168 genus
955 1077 1152 1167 pecudibus
1180 1077 1447 1146 occurrentibus
1475 1079 1521 1145 ob
1550 1105 1589 1146 os

257 1186 527 1254 introeuntium.
544 1185 659 1253 Mirus
678 1207 840 1274 prorsum
857 1184 978 1267 homo,
995 1183 1105 1252 imm‘o
1119 1184 1297 1252 semideus
1312 1185 1367 1252 uel
1382 1203 1473 1253 certe
1487 1186 1587 1264 deus,

256 1293 316 1382 qui
336 1315 485 1382 magnae
508 1291 591 1360 artis
616 1290 808 1381 suptilitate
832 1308 970 1358 tantum
993 1290 1152 1361 efferauit
1172 1309 1372 1381 argentum.
1393 1291 1589 1360 Enimuero

256 1399 461 1490 pauimenta
484 1398 559 1489 ipsa
582 1399 697 1488 lapide
720 1399 872 1488 pretioso
894 1397 1021 1465 caesim
1045 1397 1230 1465 deminuto
1254 1398 1288 1465 in
1313 1398 1410 1465 uaria
1433 1398 1588 1487 picturae

255 1528 384 1596 genera
405 1505 706 1573 discriminantur.
726 1505 966 1572 Vehementer
983 1503 1110 1571 iterum
1129 1527 1167 1571 ac
1189 1503 1329 1594 saepius
1351 1504 1472 1572 beatos
1495 1504 1587 1586 illos,
1618 1515 1636 1582 5

256 1614 316 1705 qui
335 1612 486 1703 superbe
509 1634 667 1702 gemmas
689 1611 890 1679 etdnonilia
916 1610 1067 1678 calcant!
1093 1610 1168 1678 lam
1192 1628 1324 1678 ceterae
1342 1630 1466 1700 partes
1484 1612 1587 1701 longe

258 1718 599 1809 latequedispositae
623 1717 1586 1808 domussinepretiopretiosaetotiqueparietessolidati

257 1827 382 1896 massis
413 1825 529 1894 aureis
562 1826 750 1915 splendore
783 1826 929 1916 proptio
961 1844 1158 1908 coruscant,
1187 1843 1224 1892 ut
1256 1825 1348 1893 diem
1383 1848 1487 1893 suum
1520 1824 1587 1893 sibi

255 1936 384 2003 domus
406 1932 508 2000 faciat
525 1933 603 2000 licet
621 1933 693 1999 sole
712 1932 873 2010 nolente3
897 1931 945 1999 sic
967 1932 1143 2015 cubicula,
1162 1932 1210 2000 sic
1233 1932 1402 2022 porticus,
1421 1933 1469 2000 sic
1492 1932 1588 2021 ipsae

257 2041 402 2108 balneae
420 2040 610 2131 fulgurant.
633 2041 706 2107 Nec
724 2039 832 2106 setius
849 2062 935 2130 opes
952 2057 1084 2107 ceterae
1104 2040 1275 2108 maiestati
1295 2041 1423 2108 domus
1447 2061 1587 2129 respon·
1625 2073 1661 2115 10

256 2148 353 2231 dent,
374 2164 409 2215 ut
427 2146 590 2236 equidem
611 2147 697 2213 illud
717 2164 807 2213 recte
826 2145 989 2214 uideatur
1005 2147 1048 2213 ad
1067 2145 1374 2214 conuersationem
1393 2146 1586 2213 humanam

257 2277 386 2344 magno
406 2254 482 2321 loui
502 2252 709 2321 fabricatum
727 2253 873 2320 caeleste
892 2252 1075 2342 palatium.

363 2382 382 2428 2
410 2361 561 2428 lnuitata
575 2360 711 2450 Psyche
724 2359 845 2427 talium
859 2361 1016 2427 locorum
1032 2359 1266 2427 oblectatione
1282 2361 1430 2450 propius
1445 2361 1588 2428 accessit

256 2486 288 2535 et
317 2468 423 2557 paulo
450 2467 615 2535 fidentior
644 2467 732 2534 intra
764 2467 871 2533 limen
902 2489 976 2534 sese
1003 2466 1097 2547 lacit,
1125 2490 1204 2534 mox
1232 2468 1445 2556 prolectante
1471 2467 1588 2535 studio

257 2574 516 2664 pulcherrimae
535 2573 683 2641 uisionis
702 2574 850 2641 rimatur
867 2572 1005 2663 singula
1022 2592 1055 2641 et
1073 2573 1280 2642 altrinsecus
1297 2574 1436 2642 aedium
1462 2575 1587 2642 horrea
1624 2586 1659 2651 15

256 2681 399 2748 sublimi
424 2681 553 2748 fabrica
580 2681 729 2771 perfecta
757 2680 966 2772 magnisque
993 2699 1157 2770 congesta
1182 2681 1277 2771 gazis
1300 2681 1482 2772 conspicit.
1514 2682 1587 2750 Nec

256 2806 306 2855 est
323 2788 512 2879 quicquam
537 2789 631 2877 quod
652 2787 697 2855 ibi
718 2806 871 2856 nonest.
891 2786 960 2858 Sed
980 2806 1117 2877 praeter
1135 2806 1284 2855 ceteram
1305 2805 1480 2856 tantarum
1499 2788 1587 2856 diui·

255 2895 384 2963 tiarum
414 2894 682 2963 admirationem
715 2896 780 2963 hoc
809 2913 881 2963 erat
908 2894 1096 2985 praecipue
1130 2894 1333 2978 mirificum,
1365 2896 1460 2984 quod
1490 2896 1588 2963 nullo

257 3002 413 3086 uinculo,
438 3003 535 3070 nullo
561 3004 726 3084 clausum
753 3003 850 3069 nullo
876 3003 1019 3069 custode
1047 3002 1154 3069 totius
1179 3001 1275 3070 orbis
1301 3003 1512 3070 thensaurus
1531 3003 1587 3071 ille

256 3111 494 3178 muniebatur.
516 3112 613 3179 Haec
635 3110 663 3178 ei
685 3133 823 3178 summa
846 3133 925 3178 cum
950 3111 1130 3200 uoluptate
1156 3109 1281 3178 uisenti
1305 3109 1405 3178 offert
1427 3133 1501 3177 sese
1520 3134 1586 3178 uox
1618 3140 1660 3186 20

255 3219 428 3308 quaedam
444 3218 602 3309 corporis
613 3217 666 3286 sui
680 3219 773 3286 nuda
785 3236 817 3286 et
828 3215 937 3309 ‘quid’
949 3215 1240 3307 inquit‘domina,
1252 3217 1587 3308 tantisobstupescis

255 3325 406 3415 opibus?
429 3344 488 3393 tua
507 3344 588 3394 sunt
614 3325 847 3394 haecomnia.
876 3326 1032 3393 Prohinc
1058 3325 1220 3393 cubiculo
1238 3343 1270 3392 te
1295 3324 1434 3393 referet
1459 3327 1587 3393 lectulo

255 3431 500 3500 lassitudinem
530 3432 649 3500 reloue
678 3452 710 3501 et
738 3455 777 3501 ex
807 3432 953 3500 arbitrio
982 3434 1161 3500 lauacrum
1192 3450 1282 3522 pete.
1316 3433 1404 3513 Nos„
1435 3456 1598 3521 quarum,

256 3562 359 3606 uoces
388 3538 530 3630 accipis,
561 3558 639 3608 tuae
669 3539 833 3621 famulae,
864 3541 987 3608 sedulo
1015 3539 1077 3608 tibi
1110 3538 1491 3629 praeministrabimus,
1524 3561 1586 3606 nec

254 3646 412 3736 corporis
428 3665 567 3715 curatae
588 3647 649 3714 tibi
671 3648 802 3738 regales
820 3648 945 3737 epulae
964 3642 1218 3714 morabuntur'.
1616 3655 1657 3719 25

230 3758 235 3770 “
362 3755 379 3822 3
407 3753 1333 3845 SensitPsychediuinaeprouidentiaebeatitudinem
1345 3753 1609 3843 monitusque‚‘

256 3882 358 3927 uoces
377 3860 545 3928 informes
558 3860 719 3943 audiens,
735 3880 768 3927 et
780 3861 884 3950 'prius
902 3883 1028 3928 somno
1042 3878 1074 3928 et
1092 3883 1172 3928 mox
1188 3861 1327 3928 lauacro
1345 3859 1583 3950 fatigationem

254 3967 307 4033 sui
326 3967 443 4047 diluit,
471 3969 618 4056 uisoque
647 3967 762 4035 statim
791 3968 952 4057 proximo
975 3967 1221 4035 semirutundo
1240 3985 1418 4057 suggestu,
1442 3986 1586 4056 propter

255 4073 529 4142 instrumentum
563 4076 780 4142 cenatorium
816 4094 887 4143 rata
921 4074 1063 4142 refectui
1097 4098 1161 4141 suo
1194 4075 1436 4155 commodum,
1471 4074 1585 4142 libens

253 4180 439 4248 accumbit.
476 4183 519 4250 Et
553 4182 632 4249 ilico
666 4181 739 4250 uini
780 4183 930 4250 nectarei
968 4181 1199 4270 eduliumque
1237 4181 1416 4249 uariorum
1455 4180 1584 4249 fercula
1615 4189 1658 4255 30

253 4289 394 4377 copiosa
413 4289 512 4356 nullo
530 4288 704 4356 seruiente
722 4292 782 4356 sed
801 4307 937 4356 tantum
957 4289 1082 4379 spiritu
1101 4289 1255 4378 quodam
1279 4288 1431 4377 impulsa
1453 4288 1583 4356 submi·

254 4397 459 4464 nistrantur.
489 4397 564 4465 Nec
590 4419 793 4486 quenquam
824 4414 942 4464 tamen
973 4397 1030 4464 illa
1061 4396 1180 4463 uidere
1210 4412 1358 4484 poterat,
1387 4397 1445 4462 sed
1477 4397 1583 4464 uerba

253 4520 388 4570 tantum
416 4502 581 4572 audiebat
602 4503 797 4571 excidentia
825 4522 857 4570 et
883 4504 975 4571 solas
1003 4526 1106 4570 uoces
1131 4501 1281 4570 famulas
1307 4502 1469 4571 habebat.
1500 4504 1584 4570 Post

252 4608 390 4699 opimas
403 4610 665 4700 dapesquidam
683 4609 1088 4677 introcessitetcantauit
1103 4609 1253 4692 inuisus,
1266 4608 1582 4677 etaliuscitharum

253 4716 420 4805 pulsauit,
450 4740 539 4805 quae
569 4717 756 4785 uidebatur
782 4739 844 4784 nec
871 4717 958 4806 ipsa.
988 4718 1089 4783 Tunc
1117 4716 1316 4810 modulatae
1345 4716 1582 4784 multitudinis
1614 4722 1654 4790 35

252 4822 407 4890 conlecta
440 4846 506 4890 uox
539 4846 642 4891 aures
670 4824 746 4890 eius
780 4823 947 4905 adfertur,
979 4842 1027 4906 ut,
1058 4822 1223 4912 quamuis
1253 4823 1442 4890 hominum
1478 4846 1582 4891 nemo

252 4948 403 5018 pareret,
421 4931 683 5020 chorus'tamen
703 4953 778 4998 esse
797 4948 940 5019 pateret.

357 5058 379 5122 4
406 5036 531 5104 Finitis
554 5036 796 5125 uoluptatibus
810 5059 957 5128 uespera
971 5038 1140 5104 suadente
1155 5036 1315 5105 concedit
1334 5037 1469 5125 Psyche
1487 5036 1581 5103 cubi·

251 5143 1578 5232 tum.lamqueprouectanocteclemensquidamsonusaureseiusaccedit.
