4492 6475
1219 2028 1294 2072 ΙΟ

1221 2544 1291 2609 ¹5

1208 3107 1294 3152 20

1207 3631 1288 3696 25

1205 4705 1288 4772 35

2462 839 2913 909 -13-

1364 1039 1513 1106 Nec
1549 1037 1738 1107 enim
1780 1061 1906 1105 uos
1942 1038 2184 1127 utique
2219 1038 2478 1105 domus
2514 1059 2710 1104 meae
2746 1035 3014 1105 famosa
3051 1036 3285 1104 sabula
3321 1055 3386 1104 et
3414 1060 3552 1105 non
3583 1036 3857 1106 dicendi
3896 1037 4019 1106 filii

1362 1146 1501 1213 mei
1538 1145 1713 1214 facta
1742 1147 2135 1214 latuerunt'.
2167 1146 2374 1213 Tunc
2402 1144 2560 1212 illae
2591 1165 2729 1211 non
2763 1144 3074 1235 ignarae,
3099 1150 3279 1233 qua‘e
3307 1160 3496 1235 gesta
3524 1162 3712 1226 sunt,
3738 1144 4020 1236 palpare

1360 1253 1656 1322 Veneris
1692 1254 1870 1322 iram
1917 1254 2353 1321 saeuientem
2403 1252 2500 1320 sic
2535 1253 2821 1320 adortae
2860 1276 2873 1319 :
2908 1251 3133 1340 ‘Quid
3170 1252 3329 1335 tale,
3368 1252 3688 1335 domina,
3724 1251 4021 1341 deliquit

1358 1379 1521 1427 tuus
1557 1360 1743 1428 filius
1780 1378 1853 1428 ut
1894 1361 2139 1429 animo
2184 1359 2532 1451 peruicaci
2582 1358 2976 1448 uoluptates
3024 1358 3212 1426 illius
3257 1358 3658 1450 iinpugneS‚
3695 1377 3761 1428 et
3804 1382 4018 1448 quam

1359 1466 1473 1534 ille
1525 1465 1755 1558 diligit
1806 1484 1878 1535 tu
1932 1489 2217 1557 quoque
2274 1468 2562 1557 perdere
2614 1467 2914 1557 gestias?
2970 1468 3160 1555 quod
3215 1484 3480 1550 autem,
3536 1489 3855 1551 orarum,
3907 1467 4016 1536 isti

1355 1573 1654 1657 crimen,
1684 1574 1738 1640 si
1771 1574 2044 1663 puellae
2074 1574 2349 1664 lepidae
2372 1572 2668 1642 libenter
2694 1573 2968 1641 adrisit?
3000 1596 3088 1640 an
3121 1573 3403 1665 ignoras
3431 1596 3597 1642 eum
3619 1575 4017 1642 masculum

1356 1698 1422 1748 et
1456 1680 1796 1749 iuuenem
1831 1703 2006 1764 esse,
2039 1683 2151 1749 uel
2179 1699 2363 1749 certe
2391 1680 2532 1748 iam
2559 1697 2733 1769 quot
2758 1680 2851 1752 sit
2873 1703 3232 1749 annorum
3259 1681 3478 1749 oblita
3512 1683 3631 1749 es?
3669 1704 3786 1765 an,
3826 1682 4014 1771 quod

1355 1805 1651 1857 aetatem
1707 1806 1935 1879 portat
1983 1787 2268 1872 bellule,
2309 1811 2486 1879 puer
2531 1787 2658 1856 tibi
2710 1810 2993 1879 semper
3028 1789 3354 1857 uidetur?
3409 1806 3632 1857 mater
3666 1805 3908 1857 autem
3940 1805 4012 1857 tu

1354 1915 1420 1964 et
1457 1914 1812 1986 praeterea
1846 1897 2129 1964 cordata
2163 1896 2424 1964 mulier
2459 1895 2583 1964 filii
2620 1895 2722 1964 tui
2760 1895 2957 1964 lusus
2991 1885 3280 1985 semper
3308 1895 3705 1986 explorabis
3741 1895 4013 1964 curiose

1354 2022 1420 2070 et
1455 2003 1526 2070 in
1562 1994 2033 2071 eo'luxuriem
2066 2002 2389 2092 culpabis
2424 2021 2489 2071 et
2522 2024 2800 2070 amores
2838 2002 3157 2071 reuinces
3192 2020 3257 2071 et
3293 2021 3447 2071 tuas
3491 2021 3674 2070 artes
3717 2021 4013 2093 tuasque

1352 2109 1638 2178 delicias
1674 2110 1742 2177 in
1781 2109 2146 2178 formonso
2193 2109 2338 2177 filio
2390 2111 2906 2201 reprehendes?
2959 2110 3120 2200 quis
3171 2128 3411 2178 autem
3459 2129 3522 2177 te
3572 2110 3817 2193 deum,
3854 2109 4013 2199 quis

1356 2217 1735 2285 hominum
1782 2216 2109 2306 patietur,
2151 2216 2418 2306 passim
2465 2217 2833 2308 cupidines
2885 2217 3169 2307 populis
3203 2216 3816 2301 disseminantem‚
3852 2238 4015 2285 cum

1353 2341 1512 2392 tuae
1573 2325 1832 2391 domus
1890 2346 2166 2391 amores
2232 2347 2472 2392 amare
2545 2325 2915 2392 coherceas
2990 2340 3055 2391 et
3130 2323 3471 2393 uitiorum
3548 2323 4012 2392 muliebrium

1356 2430 1713 2520 publicam
1738 2431 2148 2521 praecludas
2171 2430 2589 2499 officinam'?
2628 2430 2744 2502 Sic
2774 2430 2930 2498 illae
2961 2450 3150 2499 metu
3182 2433 3595 2523 sagittarum
3625 2429 4016 2520 patrocinio

1354 2537 1662 2629 gratioso
1735 2538 2077 2627 Cupidini
2154 2538 2489 2627 quamuis
2561 2537 2830 2606 absenti
2908 2537 3484 2607 blandiebantur.
3565 2540 3707 2609 Sed
3774 2540 4016 2605 Venus

1355 2645 1720 2737 indignata
1756 2644 2047 2713 ridicule
2085 2645 2358 2712 tractari
2406 2668 2568 2713 suas
2614 2645 2911 2712 iniurias
2957 2645 3356 2734 praeuersis
3399 2646 3536 2713 illis
3578 2646 4016 2714 altrouorsus

1352 2751 1628 2819 concito
1662 2752 1880 2841 gradu
1922 2751 2169 2842 pelago
2205 2751 2401 2819 uiam
2436 2752 2758 2841 capessit.

1567 2868 1664 2935 VI
1714 2892 1734 2934 1
1784 2868 2056 2935 Interea
2095 2868 2364 2957 Psyche
2404 2868 2620 2936 uariis
2656 2867 3041 2937 iactabatur
3066 2868 3532 2952 discursibuS‚
3563 2868 3713 2937 dies
3753 2887 4014 2936 noctes·

1353 2997 1490 3063 que
1545 2974 1776 3043 mariti
1828 2974 2419 3065 uestigationibus
2470 2974 2785 3064 inquieta
2837 2976 3106 3058 animo,
3145 2993 3337 3043 tanto
3387 2974 3713 3065 cupidior
3758 2975 4015 3043 iratum

1355 3082 1511 3149 licet
1564 3081 1666 3164 [si]
1737 3105 1878 3150 non
1948 3081 2185 3150 uxoris
2251 3081 2615 3150 blanditiis
2680 3082 2926 3165 lenire,
2994 3100 3175 3150 certe
3240 3081 3623 3151 seruilibus
3690 3081 4016 3171 precibus

1356 3188 1761 3281 propitiare.
1825 3191 1912 3258 Et
1964 3208 2334 3281 prospecto
2387 3190 2654 3280 templo
2704 3191 3013 3279 quodam
3069 3189 3135 3258 in
3189 3190 3389 3259 ardui
3444 3189 3705 3258 montis
3756 3190 4015 3259 uertice

1348 3298 1560 3365 ‘unde
1612 3300 1870 3365 autem³
1923 3298 2154 3388 inquit
2196 3297 2391 3381 ςεεὶο,
2428 3320 2515 3364 an
2572 3297 2724 3364 istic
2778 3319 2980 3364 meus
3033 3298 3236 3388 degat
3287 3297 3684 3366 dominus'?
3741 3315 3807 3365 et
3859 3297 4015 3365 ilico

1351 3403 1590 3494 dirigit
1623 3404 1911 3471 citatum
1949 3404 2277 3495 gradum,
2316 3426 2529 3492 quem
2568 3403 2917 3471 desectum
2966 3426 3256 3494 prorsus
3298 3404 3613 3472 adsiduis
3658 3404 4018 3472 laboribus

1352 3534 1511 3601 spes
1549 3510 1882 3579 incitabat
1923 3528 1989 3578 et
2032 3529 2310 3579 uotum.
2363 3511 2657 3601 Iamque
2702 3511 2977 3578 nauiter
3020 3511 3329 3579 emensis
3371 3511 3789 3580 celsioribus
3834 3511 4015 3602 iugis

1352 3618 1857 3709 puluinaribus
1907 3640 2056 3685 sese
2107 3618 2507 3708 proximam
2560 3617 2817 3686 intulit.
2855 3618 3064 3685 Videt
3112 3618 3340 3708 spicas
3393 3618 3891 3687 frumentarias
3942 3618 4012 3685 in

1351 3748 1605 3793 aceruo
1654 3743 1718 3793 et
1767 3724 1938 3791 alias
1987 3725 2251 3793 flexiles
2300 3725 2369 3792 in
2422 3747 2709 3806 corona,
2748 3744 2812 3793 et
2862 3724 3090 3815 spicas
3140 3726 3384 3794 hordei
3437 3726 3655 3794 uidet.
3700 3726 3915 3794 Erant
3948 3743 4016 3793 et

1351 3831 1559 3899 falces
1586 3849 1653 3899 et
1686 3854 1939 3922 operae
1975 3832 2357 3899 messoriae
2381 3833 2696 3900 mundus
2718 3831 2982 3916 omni5‚
3008 3834 3127 3901 sed
3152 3852 3401 3900 cuncta
3428 3832 3693 3922 passim
3720 3832 4013 3900 iacentia

1351 3957 1416 4006 et
1452 3939 1721 4007 incuria
1758 3937 2049 4006 confusa
2092 3958 2158 4007 et
2204 3957 2279 4007 ut
2322 3939 2497 4006 solet
2539 3957 2730 4006 aestu
2782 3939 3259 4007 laborantium
3302 3940 3635 4007 manibus
3680 3939 4011 4030 proiecta.

1356 4047 1550 4114 Haec
1631 4045 1908 4136 singula
1992 4046 2263 4135 Psyche
2327 4047 2601 4114 curiose
2668 4047 2926 4115 diuidit
2989 4066 3055 4115 et
3117 4048 3474 4115 discretim
3544 4065 3811 4116 remota
3886 4047 4011 4115 rite

1352 4152 1741 4241 componit,
1782 4171 1925 4220 rata
1962 4152 2223 4220 scilicet
2259 4153 2525 4221 nullius
2560 4155 2671 4222 dei
2710 4153 2868 4221 fana
2918 4178 2994 4221 ac
3035 4155 3502 4223 caerimonias
3546 4155 3906 4246 neclegere
3942 4177 4013 4221 se

1350 4260 1636 4343 debere,
1682 4262 1801 4328 sed
1839 4260 2167 4328 omnium
2206 4260 2618 4328 beniuolam
2652 4260 3216 4329 misericordiam
3249 4284 3645 4352 corrogare.

1570 4390 1606 4435 2
1664 4369 1856 4436 Haec
1892 4390 2045 4436 eam
2084 4367 2378 4436 sollicite
2424 4369 2815 4458 seduloque
2865 4387 3232 4437 curantem
3282 4369 3495 4438 Ceres
3545 4369 3729 4436 alma
3773 4369 4011 4458 depre-

1354 4476 1596 4543 hendit
1618 4493 1683 4543 et
1707 4476 2000 4566 longum
2024 4477 2365 4543 exclamat
2401 4477 2723 4566 protinus
2752 4476 2945 4545 z‘Ain
2976 4477 3247 4566 Psyche
3279 4477 3700 4544 miseranda!
3743 4477 4011 4544 Totum

1354 4605 1478 4672 per
1511 4582 1752 4650 orbem
1792 4584 2037 4651 Venus
2069 4582 2273 4650 anxia
2309 4582 2803 4672 disquisitione
2842 4601 3044 4651 tuum
3084 4583 3466 4673 uestigium
3511 4581 3753 4651 furens
3788 4583 4007 4650 animi

1354 4689 1648 4778 requirit
1682 4707 1889 4778 teque
1925 4691 2010 4757 ad
2046 4707 2440 4758 extremum
2478 4690 2910 4780 supplicium
2947 4691 3204 4780 expetit
3238 4709 3304 4758 et
3348 4690 3509 4758 totis
3546 4690 3865 4758 numinis
3901 4690 4006 4757 sui

1355 4795 1629 4863 uiribus
1681 4796 2024 4864 ultionem
2076 4797 2364 4887 flagitat,
2433 4815 2504 4865 tu
2575 4821 2746 4865 uero
2801 4820 3039 4866 rerum
3092 4820 3415 4865 mearum
3470 4798 3762 4866 tutelam
3820 4819 4008 4866 nunc

1351 4902 1535 4991 geris
1577 4920 1642 4970 et
1690 4903 1881 4971 aliud
1935 4903 2319 4993 quicquam
2374 4905 2636 4994 cogitas
2692 4904 2824 4971 nisi
2879 4906 2964 4972 de
3018 4924 3135 4973 tua
3171 4905 3453 4972 salute²?
3489 4906 3697 4973 Tunc
3736 4905 4008 4996 Psyche

1355 5009 1566 5097 pedes
1601 5009 1753 5076 eius
1789 5011 2122 5078 aduoluta
2159 5029 2224 5077 et
2279 5011 2472 5079 uberi
2510 5012 2672 5079 tletu
2722 5011 2960 5103 rigans
3003 5013 3171 5080 deae
3217 5012 3513 5103 uestigia
3560 5013 4006 5102 humumque

1356 5112 1644 5184 uerrens
1678 5116 1992 5184 crinibus
2028 5117 2173 5185 suis
2210 5118 2605 5210 multiiugis
2644 5119 2969 5207 precibus
3004 5118 3206 5187 editis
3251 5119 3537 5187 ueniam
3582 5119 4006 5210 postulabat.

4351 8 4441 604 l
