4492 6475
789 903 1015 975 ..19-

235 1083 317 1150 ‘Per
330 1104 394 1172 ego
410 1100 442 1148 te
460 1078 666 1171 frugiferam
689 1098 787 1147 tuam
807 1080 988 1147 dexteram
1006 1079 1110 1147 istam
1126 1079 1308 1168 deprecor,
1325 1100 1387 1167 per
1406 1077 1569 1146 laetificas

238 1188 410 1257 messium
427 1187 673 1268 caerimonias,
688 1209 751 1278 per
767 1186 868 1255 tacita
887 1203 1018 1254 secreta
1035 1185 1204 1254 cistarum
1222 1203 1255 1253 et
1273 1207 1334 1275 per
1351 1184 1569 1253 famulorum

237 1316 383 1365 tuorum
399 1297 597 1364 draconum
615 1294 759 1384 pinnata
776 1292 951 1378 curricula
969 1310 1003 1360 et
1018 1292 1141 1382 glebae
1163 1291 1303 1364 Siculae
1323 1290 1525 1359 sulcamina
1538 1308 1571 1358 et

238 1425 383 1473 currum
405 1424 569 1494 rapacem
590 1421 623 1470 et
647 1419 778 1469 terram
803 1417 964 1468 tenacem
990 1416 1023 1466 et
1047 1397 1308 1467 inluminarum
1335 1398 1570 1490 Proserpinae

239 1510 446 1602 nuptiarum
459 1508 664 1592 demeacula
678 1525 712 1576 et
726 1507 987 1575 luminosarum
999 1505 1090 1574 filiae
1105 1505 1357 1574 inuentionum
1372 1505 1571 1575 remeacula
1601 1516 1619 1581 5

238 1635 271 1686 et
287 1636 399 1687 cetera
413 1639 503 1707 quae
521 1615 661 1685 silentio
674 1614 758 1706 tegit
776 1613 956 1683 Eleusinis
973 1612 1108 1682 Atticae
1126 1612 1334 1698 sacrarium
1350 1612 1570 1682 miserandae

239 1726 395 1816 Psyches
426 1723 579 1807 animae,
610 1720 781 1813 supplicis
813 1737 907 1803 tuac,
937 1719 1101 1789 subsiste.
1134 1719 1230 1788 later
1259 1720 1363 1788 istam
1391 1720 1571 1814 spicarum

237 1832 440 1923 congeriem
457 1848 575 1922 patere
599 1829 656 1898 uel
675 1829 846 1919 pauculos
871 1828 947 1895 dies
971 1826 1189 1912 delitescam,
1207 1827 1325 1917 quoad
1351 1829 1438 1896 deae
1455 1846 1572 1895 tantae

238 1937 402 2006 saeuiens
420 1937 471 2006 ira
488 1936 601 2027 spatio
619 1933 789 2026 temporis
810 1934 993 2025 mitigetur
1009 1935 1067 2002 uel
1085 1951 1176 2003 certe
1198 1957 1297 2003 meae
1319 1934 1415 2004 uires
1432 1934 1572 2003 diutino

239 2045 359 2113 labore
375 2044 486 2112 fessae
503 2042 633 2133 quietis
651 2042 838 2111 interuallo
857 2041 1042 2110 leuentur'.
1609 2075 1646 2119 10

347 2152 365 2219 3
391 2150 549 2242 Suscipit
569 2151 703 2220 Ceres:
725 2148 827 2218 ‘Tuis
848 2147 1215 2238 quidem'lacrimosis
1237 2148 1403 2239 precibus
1425 2165 1458 2217 et
1479 2170 1572 2216 com-

239 2280 390 2328 moueor
401 2276 435 2327 et
447 2257 615 2348 opitulari
628 2256 748 2347 cupio,
762 2255 824 2324 sed
837 2272 1004 2347 cognatae
1019 2277 1132 2339 meae,
1146 2278 1229 2324 cum
1242 2279 1313 2346 qua
1327 2256 1435 2324 etiam
1449 2254 1573 2324 foedus

240 2365 430 2455 antiquum
446 2364 620 2433 amicitiae
637 2365 728 2446 colo,
748 2364 860 2431 bonae
879 2380 1057 2453 praeterea
1079 2362 1250 2448 feminae,
1270 2364 1403 2432 malam
1423 2362 1574 2455 gratiam

239 2471 360 2542 subire
375 2495 524 2562 nequeo
546 2472 683 2540 Decede
701 2470 818 2560 itaque
836 2471 879 2538 de
897 2470 971 2538 istis
985 2470 1134 2538 aedibus
1148 2470 1313 2561 protinus
1326 2488 1360 2538 et
1373 2472 1469 2560 quod
1484 2492 1504 2537 a
1517 2492 1575 2538 me

241 2597 375 2648 retenta
392 2578 636 2668 custoditaque
654 2600 723 2646 non
743 2577 851 2646 fueris
873 2576 998 2668 optimi
1016 2578 1183 2647 consule‘.
1204 2579 1336 2648 Contra
1354 2600 1454 2669 spem
1473 2599 1574 2645 suam
1610 2609 1619 2653 ι
1630 2589 1647 2653 5

242 2687 381 2777 repulsa
400 2686 537 2777 Psyche
554 2702 587 2754 et
603 2685 726 2754 afflicta
744 2685 877 2776 duplici
897 2685 1084 2770 maestitia,
1101 2687 1165 2755 iter
1179 2704 1373 2755 retrorsum
1391 2685 1575 2778 porrigens

242 2794 333 2862 inter
349 2793 504 2861 subsitae
520 2792 694 2860 conuallis
719 2792 948 2861 sublucidum
965 2795 1087 2862 lucum
1105 2793 1275 2884 prospicit
1297 2792 1422 2861 lanum
1443 2791 1575 2861 sollerti

242 2899 372 2968 fabrica
390 2917 576 2983 structum,
596 2922 659 2967 nec
677 2900 787 2968 ullam
810 2899 865 2967 uel
883 2899 1032 2968 dubiam
1054 2901 1128 2991 spei
1153 2899 1309 2969 melioris
1332 2900 1429 2969 uiam
1452 2899 1576 2968 uolens

242 3007 403 3076 omittere
420 3009 481 3076 sed
499 3007 597 3075 adire
614 3007 870 3097 cuiuscumque
889 3007 944 3075 dei
965 3008 1124 3092 ueniam,
1143 3007 1287 3076 sacratis
1305 3007 1441 3076 foribus
1463 3006 1576 3097 proxi·

243 3131 326 3182 mat.
347 3113 451 3183 Videt
475 3114 568 3182 dona
587 3114 737 3204 pretiosa
756 3137 793 3181 ac
811 3112 956 3182 lacinias
973 3137 1061 3183 auro
1079 3115 1248 3183 litteratas
1274 3113 1382 3183 ramis
1406 3113 1575 3182 arborum
1607 3143 1650 3190 20

243 3220 475 3312 postibusque
492 3220 645 3306 suffixas‚
664 3244 754 3312 quae
773 3221 982 3313 cumgratia
1000 3221 1078 3291 facti
1104 3245 1234 3291 nomen
1253 3221 1337 3291 deae
1355 3221 1412 3290 cui
1437 3219 1578 3290 fuerant

242 3328 355 3396 dicata
382 3329 612 3397 testabantur.
639 3330 743 3397 Tunc
771 3351 863 3420 genu
894 3329 974 3397 nixa
1006 3349 1039 3398 et
1072 3330 1239 3398 manibus
1268 3352 1366 3398 aram
1399 3346 1577 3419 tepentem

244 3436 405 3525 amplexa
421 3435 568 3504 detersis
585 3454 665 3504 ante
683 3434 838 3504 lacrimis
856 3435 905 3502 sic
922 3438 1134 3527 adprecatur
1154 3463 1161 3503 :

350 3574 373 3637 4
393 3551 528 3643 ‘Magni
547 3550 645 3619 louis
672 3573 840 3643 germana
858 3568 890 3619 et
907 3551 1072 3643 coniuge,
1091 3552 1167 3620 siue
1196 3571 1232 3621 tu
1257 3551 1371 3635 Sami,
1391 3573 1481 3641 quae
1504 3552 1576 3620 sola

244 3674 345 3748 partu
372 3658 565 3748 uagituque
583 3675 616 3725 et
640 3657 809 3726 alimonia
834 3675 893 3725 tua
918 3659 1102 3748 gloriatur,
1121 3678 1218 3727 tenes
1243 3675 1381 3727 uetusta
1406 3658 1577 3742 delubra3
1609 3663 1650 3727 ab

245 3763 320 3832 siue
337 3764 448 3832 celsae
465 3763 705 3855 Carthaginis,
724 3786 814 3854 quae
832 3782 864 3832 te
882 3765 1060 3856 uirginem
1078 3784 1222 3835 uectura
1244 3766 1356 3834 leonis
1372 3767 1468 3834 caelo
1485 3788 1578 3834 com·

246 3887 424 3939 meantem
441 3871 600 3962 percolit,
620 3871 738 3939 beatas
755 3870 855 3939 sedes
872 3870 1095 3961 frequentas3
1115 3873 1191 3942 siue
1206 3896 1315 3963 prope
1331 3873 1425 3963 ripas
1440 3872 1577 3957 inachi,

245 3978 356 4068 quite
375 3977 447 4047 iam
463 3997 613 4067 nuptam
633 3977 809 4046 Tonantis
831 3996 865 4046 et
888 3979 1047 4069 reginam
1070 3982 1219 4049 dearum
1245 3998 1432 4062 memorat,
1451 3979 1580 4048 inclitis

244 4085 464 4176 Argiuorum
497 4085 676 4176 praesides
708 4085 918 4169 moenibu53
959 4109 1069 4177 quam
1101 4106 1249 4156 cunctus
1281 4087 1400 4156 oriens
1431 4088 1580 4179 Zygiam

246 4212 437 4262 ueneratur
458 4212 491 4262 et
507 4193 626 4262 omnis
651 4192 814 4261 occidens
837 4193 1012 4261 Lucinam
1037 4195 1216 4285 appellat:
1237 4195 1285 4262 sis
1310 4194 1399 4263 meis
1416 4195 1581 4263 extremis
1611 4196 1654 4263 30

246 4300 385 4368 casibus
405 4301 495 4369 luno
513 4299 655 4392 Sospita
673 4321 801 4390 meque
821 4299 856 4368 in
874 4300 980 4367 tantis
997 4301 1181 4368 exantlatis
1203 4301 1385 4369 laboribus
1407 4300 1579 4369 defessam

248 4407 468 4476 imminentis
487 4407 633 4498 periculi
658 4425 753 4476 metu
780 4406 902 4475 libera.
930 4406 1040 4496 Quod
1065 4408 1188 4492 sciam,
1215 4409 1306 4475 soles
1331 4407 1582 4497 praegnatibus

248 4513 528 4602 periclitantibus
542 4515 634 4583 ultro
648 4514 860 4583 subuenire’.
877 4515 932 4582 Ad
948 4514 1057 4582 istum
1073 4514 1222 4582 modum
1236 4514 1448 4604 supplicanti
1464 4513 1580 4582 statim

248 4642 322 4687 sese
345 4621 437 4689 luno
459 4644 541 4689 cum
566 4621 673 4690 totius
698 4621 752 4689 sui
779 4620 940 4689 numinis
965 4640 1114 4712 augusta
1139 4620 1308 4712 dignitate
1333 4638 1532 4711 praesentat
1549 4640 1582 4689 et

249 4725 411 4815 protinus
430 4754 437 4794 :
459 4730 579 4818 ‘quam
602 4729 742 4796 uellem'
758 4726 875 4816 inquit
894 4729 968 4818 ‘per
985 4728 1106 4812 fidem,
1121 4742 1254 4796 ‘nutum
1277 4750 1400 4797 meum
1418 4727 1581 4818 precibus
1612 4731 1653 4797 35

248 4832 318 4901 tuis
335 4836 622 4903 accommodare!
650 4834 720 4906 Sed
747 4852 868 4903 contra
895 4836 1119 4904 uoluntatem
1136 4836 1300 4918 Veneris,
1329 4859 1442 4903 nurus
1468 4858 1580 4918 meae,

249 4962 358 5028 quam
374 4940 466 5009 filiae
484 4963 624 5032 semper
641 4941 744 5010 dilexi
763 4943 854 5024 loco,
874 4958 1049 5031 praestare
1068 4965 1125 5011 mc
1143 4945 1259 5033 pudor
1276 4965 1346 5010 non
1366 4941 1462 5010 sinit.
1477 4943 1582 5011 Tunc

248 5045 356 5115 etiam
373 5047 522 5138 legibus,
542 5070 632 5137 quae
658 5071 780 5117 seruos
798 5048 934 5117 alienos
952 5049 1116 5140 perfugas
1138 5049 1262 5118 inuitis
1283 5049 1440 5117 dominis
1461 5066 1583 5117 uetant

250 5154 395 5244 suscipi,
415 5154 628 5244 prohibeor’.
