4492 6475
834 882 1031 950 „3-

261 1081 431 1172 paruulus
448 1078 607 1168 delphini
627 1079 836 1146 Palaemon.
858 1078 931 1144 lam
951 1077 1082 1165 passim
1102 1077 1212 1144 maria
1232 1078 1463 1165 persultantes
1476 1077 1591 1145 Trito·

261 1211 345 1256 num
365 1205 539 1269 cateruae,
558 1186 614 1253 hic
632 1186 764 1252 concha
783 1185 899 1251 sonaci
920 1184 1046 1251 leniter
1064 1183 1219 1266 bucinat,
1236 1184 1293 1251 ille
1311 1184 1421 1252 serico
1439 1184 1593 1274 tegmine

259 1295 464 1386 flagrantiae
482 1293 567 1361 solis
584 1292 722 1360 obsistit
741 1291 890 1372 inimici,
907 1290 997 1358 alius
1016 1291 1209 1359 subuculis
1226 1290 1391 1359 dominae
1409 1292 1591 1382 speculum

260 1401 428 1492 progerit,
448 1423 572 1468 currus
591 1399 728 1489 biiuges
753 1398 810 1466 alii
830 1398 1033 1466 subnatant.
1053 1397 1152 1466 Talis
1174 1400 1216 1466 ad
1239 1398 1425 1468 Oceanum
1449 1421 1593 1489 pergen·

260 1526 328 1576 tem
347 1509 521 1575 Venerem
539 1506 728 1574 comitatur
745 1506 928 1573 exercitus.
1220 1567 1225 1582 ,
1480 1573 1483 1579 .
1625 1501 1642 1565 5

350 1616 392 1682 32
420 1614 557 1682 Interea
570 1613 708 1703 Psyche
722 1635 801 1679 cum
817 1635 879 1679 sua
894 1612 959 1679 sibi
974 1611 1160 1701 perspicua
1175 1612 1439 1701 pulchritudine
1455 1611 1592 1679 nullum

260 1722 397 1790 decoris
423 1720 476 1788 sui
504 1719 655 1788 fructum
686 1718 845 1809 percipit.
876 1718 1061 1807 Spectatur
1087 1718 1131 1785 ab
1157 1718 1338 1802 omnibus,
1364 1718 1525 1786 laudatur
1551 1718 1594 1785 ab

260 1828 441 1910 omnibus,
461 1849 523 1895 nec
541 1826 745 1916 quisquam,
765 1848 835 1892 non
857 1848 927 1909 rex,
948 1848 1017 1891 non
1037 1825 1168 1914 regius,
1188 1846 1250 1891 nec
1269 1827 1311 1892 de
1335 1826 1436 1915 plebe
1456 1826 1593 1904 saltem,

260 1935 408 2026 cupiens
426 1935 502 2003 eius
526 1934 730 2024 nuptiarum
751 1933 878 2023 petitor
899 1932 1041 2000 accedit.
1064 1931 1243 2000 Mirantur
1264 1933 1407 2021 quidem
1432 1933 1594 2001 diuinam

261 2043 426 2131 speciem,
453 2042 513 2109 sed
538 2061 574 2108 ut
596 2041 825 2109 simulacrum
848 2039 945 2107 fabre
968 2040 1116 2128 politum
1143 2039 1317 2107 mirantur
1338 2063 1472 2107 omnes.
1495 2039 1593 2109 Olim
1630 2064 1668 2107 ro

261 2151 350 2217 duae
384 2147 535 2216 maiores
563 2170 716 2227 sorores,
749 2169 899 2236 quarum
931 2165 1160 2236 temperatam
1195 2146 1475 2214 formonsitatem
1506 2145 1593 2213 nulli

261 2255 486 2324 diffamarant
513 2255 649 2344 populi,
679 2254 793 2344 procis
820 2254 964 2345 regibus
990 2255 1186 2343 desponsae
1214 2254 1283 2321 iam
1311 2253 1429 2321 beatas
1454 2255 1595 2343 nuptias

262 2363 421 2451 adeptae,
437 2362 497 2429 sed
512 2361 648 2450 Psyche
667 2360 767 2450 uirgo
783 2359 889 2427 uidua
904 2359 1001 2426 domi
1016 2358 1175 2427 residens
1188 2361 1293 2427 deflet
1306 2361 1478 2428 desertam
1494 2382 1593 2427 suam

262 2468 506 2551 solitudinem,
521 2490 622 2558 aegra
641 2467 811 2557 corporiS,
829 2466 938 2534 animi
954 2466 1085 2546 saucia,
1101 2485 1134 2534 et
1150 2468 1315 2556 quamuis
1332 2467 1498 2558 gentibus
1514 2467 1596 2535 totis

262 2575 506 2665 complacitam
525 2574 600 2642 odit
622 2575 657 2642 in
680 2597 716 2641 se
738 2596 838 2641 suam
863 2573 1155 2641 formonsitatem.
1176 2572 1234 2643 Sic
1258 2573 1595 2642 infortunatissimae
1632 2579 1667 2642 15

262 2682 354 2758 tiliae
372 2681 593 2749 miserrimus
610 2699 708 2770 pater
725 2679 931 2771 suspectatis
952 2679 1160 2747 caelestibus
1177 2680 1268 2747 odiis
1286 2699 1318 2748 et
1336 2680 1408 2748 irae
1426 2703 1594 2771 superum

263 2807 424 2857 metuens
442 2789 497 2858 dei
518 2788 647 2856 Milesii
665 2787 944 2855 uetustissimum
961 2805 1186 2876 percontatur
1200 2789 1381 2856 oraculum
1397 2789 1485 2855 etde
1500 2806 1596 2856 tanto

263 2895 409 2963 numine
429 2895 592 2986 precibus
609 2913 642 2962 et
664 2894 818 2962 uictimis
841 2893 996 2985 ingratae
1020 2893 1149 2984 uirgini
1174 2894 1258 2984 petit
1281 2894 1422 2985 nuptias
1440 2912 1471 2962 et
1495 2895 1595 2962 mari-
1629 2946 1634 2957 .

263 3020 350 3070 tum.
379 3002 448 3072 Sed
475 3002 605 3091 Apollo
626 3024 829 3090 quanquam
856 3000 1013 3070 Graecus
1038 3018 1070 3068 et
1097 3000 1240 3068 lonicus
1265 3020 1408 3091 propter
1440 3001 1595 3069 milesiae

263 3108 480 3176 conditorem
500 3108 549 3175 sic
568 3109 693 3175 Latina
711 3126 804 3175 sorte
822 3108 1004 3198 respondit
1024 3132 1030 3174 :
1628 3135 1670 3178 ao

426 3321 457 3370 33
477 3322 577 3371 Montis
594 3322 619 3371 in
636 3321 736 3371 excelsi
753 3323 878 3385 scopulo,
896 3336 951 3381 rex,
968 3321 1033 3370 siste
1050 3322 1171 3385 puellam

530 3402 664 3451 Ornatam
681 3403 786 3451 mundo
803 3400 908 3451 funerei
924 3401 1050 3451 thalami.

476 3482 529 3532 Nec
546 3497 639 3546 speres
655 3497 787 3546 generum
806 3483 916 3531 mortali
932 3483 1017 3547 stirpe
1034 3492 1167 3541 creatum,

531 3563 583 3611 Sed
594 3577 710 3611 saeuum
722 3573 804 3626 atque
816 3561 905 3611 ferum
917 3562 1120 3627 uipereumque
1131 3562 1247 3623 malum,

477 3642 533 3701 Qui
551 3642 643 3706 pinnis
659 3642 780 3691 uolitans
795 3657 879 3707 super
894 3642 1005 3692 aethera
1020 3654 1118 3691 cuncta
1137 3641 1239 3705 fatigat,

532 3724 714 3787 Flammaque
729 3733 754 3771 et
770 3721 842 3772 ferro
858 3723 968 3787 singula
983 3723 1118 3783 debilitat,

478 3803 542 3862 Quo
558 3803 651 3852 tremit
666 3802 724 3865 ipse
740 3802 825 3865 louis,
842 3818 898 3867 quo
914 3803 1030 3852 numina
1045 3802 1239 3863 terrihcantur,

533 3883 552 3931 F
556 3883 661 3931 lumina
677 3897 762 3946 quem
778 3882 943 3932 horrescunt
958 3894 984 3932 et
999 3884 1108 3949 Stygiae
1124 3886 1261 3933 tenebrae.

375 4083 449 4149 Rex
470 4081 554 4147 olim
582 4081 704 4147 beatus
729 4079 847 4148 adfatu
872 4100 1010 4148 sanctae
1030 4079 1292 4148 uaticinationis
1314 4099 1455 4170 accepto
1474 4079 1599 4171 pigens

266 4188 443 4277 tristisque
475 4198 569 4255 ‘retro
601 4188 748 4255 domum
779 4188 892 4279 pergit
925 4210 1078 4277 suaeque
1108 4187 1249 4278 coniugi
1284 4204 1466 4277 praecepta
1496 4187 1599 4254 sortis
1629 4197 1672 4263 30

266 4295 394 4363 enodat
417 4293 600 4361 infaustae.
621 4294 800 4362 Maeretur
821 4295 924 4362 fletur
946 4295 1157 4362 lamentatur
1178 4295 1303 4362 diebus
1326 4294 1506 4384 plusculis.
1527 4294 1597 4365 Sed

267 4401 363 4468 dirae
390 4400 494 4467 sortis
520 4400 590 4467 iam
618 4419 744 4491 urguet
769 4419 877 4469 taeter
903 4400 1045 4468 effectus
1071 4428 1078 4468 ε
1107 4401 1176 4468 iam
1204 4400 1365 4468 feralium
1395 4400 1597 4489 nuptiarum

269 4507 486 4575 miserrimae
505 4508 634 4598 uirgini
650 4508 856 4598 choragium
876 4509 1035 4591 struitur,
1051 4509 1120 4576 iam
1140 4510 1258 4576 taedae
1273 4509 1391 4575 lumen
1411 4526 1504 4575 atrae
1524 4507 1598 4574 luli-

267 4614 358 4705 ginis
375 4616 492 4682 cinere
511 4614 704 4698 marcescit,
724 4634 756 4682 et
774 4639 884 4683 sonus
901 4615 1007 4682 tibiae
1029 4610 1150 4705 zygiae
1173 4633 1329 4682 mutatur
1352 4616 1385 4681 in
1409 4613 1597 4702 querulum

269 4722 423 4790 Ludium
443 4723 588 4789 modum
607 4741 801 4811 cantusque
816 4722 927 4789 laetus
945 4722 1133 4812 hymenaei
1153 4722 1294 4811 lugubri
1315 4721 1435 4788 linitur
1449 4721 1599 4801 ululatu,
1630 4740 1671 4806 35

268 4847 300 4895 et
317 4829 433 4918 puella
453 4847 605 4918 nuptura
623 4829 778 4919 deterget
797 4829 957 4896 lacrimas
980 4829 1056 4918 ipso
1079 4851 1143 4895 suo
1166 4830 1343 4895 flammeo.
1364 4827 1422 4899 Sic
1446 4826 1599 4894 adfectae

268 4937 396 5002 domus
428 4935 524 5002 triste
558 4934 666 5002 fatum
701 4954 825 5003 cuncta
859 4937 962 5003 etiam
1002 4936 1127 5003 ciuitas
1159 4936 1403 5025 congemebat,
1435 4935 1599 5021 luctuque

269 5041 411 5131 publico
428 5042 612 5109 confestim
631 5064 831 5133 congruens
848 5042 996 5109 edicitur
1014 5042 1198 5109 iustitium.

378 5150 422 5234 34
446 5149 516 5219 Sed
558 5149 701 5216 monitis
748 5150 956 5216 caelestibus
1001 5149 1145 5237 parendi
1193 5148 1379 5215 necessitas
1426 5148 1599 5215 misellam
