4492 6475
1207 771 1427 837 ,24..

653 945 773 1036 pansis
805 944 985 1035 utrimque
1018 944 1140 1036 pinnis
1175 945 1275 1014 affuit
1304 946 1418 1037 {rapax
1455 946 1572 1037 aquila
1612 968 1820 1036 memorque
1852 946 1981 1015 ueteris

652 1052 829 1141 obsequii,
848 1074 920 1141 quo
937 1053 1044 1120 ductu
1062 1051 1255 1142 Cupidinis
1273 1052 1351 1120 loui
1371 1052 1612 1143 pocillatorem
1636 1052 1834 1144 Phrygium
1852 1054 1979 1121 sustul-

652 1177 738 1242 erat,
764 1177 978 1249 oportunam
1004 1159 1120 1227 ferens
1147 1182 1252 1249 opem
1279 1159 1407 1249 deique
1432 1182 1563 1227 numen
1593 1159 1627 1227 in
1656 1159 1775 1227 uxoris
1802 1158 1981 1226 laboribus

653 1266 835 1356 percolens
852 1265 911 1333 alti
930 1266 1097 1333 culminis
1113 1265 1224 1333 diales
1241 1267 1318 1333 uias
1342 1266 1484 1349 deserit,
1502 1285 1535 1334 et
1552 1267 1598 1334 ob
1615 1290 1654 1333 os
1677 1267 1816 1357 puellae
1834 1288 1980 1355 praeuo-

603 1400 620 1463 5
653 1372 728 1438 lans
761 1371 884 1461 incipit
919 1398 925 1438 :
958 1369 1015 1440 ‘At
1047 1390 1082 1440 tu
1117 1372 1266 1462 simplex
1299 1372 1457 1462 alioquin
1491 1390 1524 1441 et
1556 1393 1679 1463 expers
1711 1394 1829 1440 rerum
1858 1371 1979 1439 talium

653 1500 844 1568 sperasque
874 1496 905 1546 te
935 1478 1147 1546 sanctissimi
1181 1501 1244 1546 nec
1274 1478 1393 1547 minus
1430 1480 1619 1548 truculenti
1650 1479 1756 1547 fontis
1785 1478 1841 1546 uel
1873 1501 1980 1546 unam

613 1671 616 1676 Ι
652 1585 783 1652 stillam
803 1607 904 1675 posse
922 1585 1031 1653 furari
1049 1587 1106 1654 uel
1125 1585 1274 1654 omnino
1291 1587 1507 1677 contingere.
1529 1587 1606 1655 Diis
1623 1586 1728 1654 etiam
1747 1585 1886 1675 ipsique
1905 1586 1980 1653 loui

653 1691 896 1760 formidabiles
914 1714 1024 1782 aquas
1043 1692 1125 1760 istas
1143 1692 1284 1783 Stygias
1298 1694 1352 1760 uel
1367 1692 1476 1761 fando
1490 1693 1714 1782 comperisti?
1734 1694 1901 1782 quodque
1919 1714 1982 1759 uos

652 1798 817 1868 deieratis
840 1821 903 1888 per
921 1798 1068 1866 numina
1086 1800 1249 1881 deorum,
1269 1800 1353 1866 deos
1378 1822 1440 1889 per
1464 1799 1583 1891 Stygis
1604 1799 1823 1867 maiestatem
1850 1800 1979 1866 solere?

586 1956 623 2000 10
653 1908 712 1975 sed
743 1908 829 1975 cedo
859 1906 962 1974 istam
994 1904 1183 1974 urnulam’.
1204 1907 1249 1974 Et
1282 1907 1444 1996 protinus
1476 1909 1663 1997 adreptum
1695 1907 1982 1996 completumque

653 2013 793 2082 festinat
829 2013 1036 2104 libratisque
1077 2012 1270 2103 pinnarum
1313 2014 1515 2083 nutantium
1552 2014 1708 2082 molibus
1748 2013 1839 2081 inter
1877 2035 1982 2104 genas

653 2119 891 2188 saeuientium
920 2119 1082 2188 dentium
1112 2137 1145 2187 et
1173 2120 1316 2187 trisulca
1342 2119 1545 2188 uibramina
1572 2123 1768 2189 draconum
1794 2117 1981 2209 remigium

653 2229 772 2296 dextra
806 2227 978 2317 laeuaque
1007 2231 1193 2317 porrigens
1222 2227 1381 2294 nolentes
1409 2249 1519 2316 aquas
1549 2246 1582 2295 et
1613 2245 1651 2294 ut
1678 2226 1790 2295 abiret
1819 2224 1983 2293 innoxius

653 2333 916 2423 praeminentes
938 2333 1078 2422 excipit,
1097 2352 1322 2401 commentus
1343 2334 1389 2400 ob
1415 2333 1552 2401 iussum
1575 2333 1723 2401 Veneris
1741 2351 1857 2422 petere
1882 2332 1982 2420 eique

585 2469 621 2534 15
653 2464 689 2507 se
708 2439 1014 2530 praeministrare3
1033 2463 1144 2529 quare
1162 2441 1267 2529 paulo
1285 2440 1420 2509 facilior
1436 2440 1591 2508 adeundi
1610 2440 1675 2508 fuit
1692 2440 1804 2521 copia.

767 2556 805 2623 tf)
831 2555 889 2625 Sic
905 2574 1085 2645 acceptam
1102 2578 1184 2623 cum
1203 2557 1332 2646 gaudio
1351 2558 1494 2646 plenam
1512 2557 1679 2623 urnulam
1701 2555 1837 2646 Psyche
1856 2556 1885 2618 V
1888 2556 1982 2622 eneti

654 2663 754 2730 citata
773 2661 916 2730 rettulit.
938 2664 1012 2730 Nec
1036 2680 1154 2730 tamen
1182 2679 1309 2730 nutum
1328 2665 1413 2731 deae
1440 2662 1632 2731 saeuientis
1658 2664 1714 2730 uel
1741 2679 1824 2729 tuac
1846 2660 1984 2751 expiare

654 2768 780 2860 potuit.
796 2770 889 2838 Nam
902 2769 1039 2837 siccam
1053 2769 1188 2837 maiora
1199 2786 1304 2859 atque
1315 2768 1434 2858 peiora
1444 2767 1808 2859 flagitiacomminans
1819 2768 1982 2858 appellat,

655 2875 822 2944 renidens
839 2875 1015 2943 exitiabile
1041 2902 1048 2944 :
1070 2876 1159 2943 ‘lam
1186 2893 1222 2943 tu
1248 2877 1393 2965 quidem
1418 2898 1519 2966 maga
1546 2875 1678 2943 uideris
1699 2876 1872 2964 quaedam
1898 2873 1983 2941 mihi

581 3032 624 3077 20
654 3000 687 3050 et
703 2982 771 3050 alta
789 3005 935 3073 prorsus
953 2983 1123 3066 malefica,
1142 3005 1233 3072 quae
1255 2982 1385 3051 talibus
1408 2983 1602 3072 praeceptis
1623 2982 1713 3049 meis
1734 2981 1982 3071 obtemperasti

655 3089 804 3157 nauiter.
825 3089 895 3159 Sed
921 3090 1038 3158 adbuc
1064 3089 1172 3171 istud,
1190 3112 1268 3157 mea
1295 3090 1443 3179 pupula,
1473 3089 1672 3157 ministrare
1696 3085 1853 3157 debebis.
1874 3087 1984 3159 Sume

655 3196 758 3265 istam
776 3195 952 3289 pyxidem’
971 3237 1009 3246 —
1028 3215 1059 3266 et
1076 3197 1173 3266 dedit
1189 3236 1233 3248 -
1247 3194 1493 3287 ‘protinusque
1511 3198 1553 3266 ad
1573 3194 1704 3264 inferos
1721 3214 1753 3264 et
1771 3195 1883 3286 ipsius
1900 3194 1982 3269 Orci

654 3303 778 3373 ferales
805 3323 948 3395 penates
975 3323 1006 3372 te
1034 3306 1154 3396 derige
1181 3324 1213 3372 et
1230 3322 1314 3373 tunc
1332 3304 1515 3372 conferens
1533 3304 1698 3394 pyxidem
1722 3303 1982 3393 Proserpinae:

652 3411 759 3502 “petit
772 3413 815 3480 de
828 3429 860 3479 te
873 3409 1015 3479 Venus”
1026 3412 1133 3480 dicito
1146 3410 1346 3480 “modicum
1362 3412 1404 3480 de
1422 3430 1481 3480 tua
1495 3412 1613 3479 mittas
1626 3411 1657 3478 ei
1672 3410 1916 3479 formonsitate
1930 3410 1984 3478 uel

582 3546 623 3612 25
654 3520 696 3587 ad
716 3541 826 3587 unam
844 3521 965 3587 saltem
984 3520 1159 3587 dieculam
1178 3518 1366 3587 sufficiens.
1387 3521 1481 3588 Nam
1499 3519 1594 3608 quod
1614 3519 1750 3601 habuit,
1766 3520 1852 3586 dum
1872 3517 1984 3585 lilium

654 3646 752 3695 curat
784 3644 982 3718 aegrotum,
1019 3627 1242 3716 consumpsit
1274 3645 1378 3715 atque
1411 3627 1576 3694 contriuit
1608 3622 1746 3692 omne''.
1788 3624 1857 3713 Sed
1891 3625 1985 3692 haud
2053 3612 2056 3617 ¹

655 3733 882 3802 immaturius
901 3734 1025 3818 tedit0‚
1044 3734 1128 3824 quia
1151 3757 1206 3802 me
1231 3756 1369 3801 necesse
1387 3752 1438 3800 est
1460 3733 1618 3801 indidem
1642 3732 1785 3799 delitam
1808 3732 1984 3799 theatrum

654 3842 804 3910 deorum
822 3838 1065 3930 frequentare'.

768 3971 805 4037 17
832 3950 935 4016 Tunc
954 3947 1091 4038 Psyche
1115 3948 1171 4015 uel
1197 3947 1350 4015 maxime
1374 3946 1483 4013 sensit
1509 3946 1651 4014 ultimas
1676 3945 1835 4013 fortunas
1850 3967 1931 4012 suas
1955 3963 1986 4012 et

583 4080 626 4146 30
655 4055 859 4122 uelamento
887 4054 1013 4122 reiecto
1040 4055 1082 4122 ad
1104 4073 1312 4145 promptum
1340 4053 1486 4121 exitium
1514 4075 1588 4120 sese
1610 4052 1775 4142 compelli
1803 4051 1986 4119 manifeste

655 4162 840 4251 comperit.
861 4161 1024 4250 Quidni?
1044 4184 1134 4251 quae
1156 4162 1229 4228 suis
1251 4161 1401 4251 pedibus
1424 4161 1516 4227 ultro
1538 4161 1581 4227 ad
1605 4178 1774 4227 tartarum
1794 4180 1986 4248 manesque

655 4291 857 4336 commeare
871 4269 1079 4359 [cogeretur.
1108 4271 1183 4338 Nec
1212 4285 1371 4335 cunctata
1400 4266 1535 4334 diutius
1565 4266 1678 4356 pergit
1706 4266 1748 4332 ad
1778 4265 1985 4355 quampiam

655 4377 782 4444 turrim
798 4377 989 4465 praealtam
1006 4375 1164 4443 indidem
1179 4398 1253 4442 sese
1266 4376 1390 4442 datura
1405 4375 1654 4463 praecipitem3
1674 4374 1722 4440 sic
1736 4372 1832 4440 enim
1847 4372 1988 4440 rebatur

656 4483 698 4550 ad
718 4482 848 4552 inferos
867 4502 957 4552 recta
975 4501 1079 4573 atque
1097 4482 1337 4572 pulcherrime
1359 4506 1393 4549 se
1417 4504 1518 4571 posse
1543 4482 1768 4548 descendere.
1792 4480 1863 4552 Sed
1880 4480 1988 4548 turris

583 4614 624 4681 35
657 4590 858 4681 prorumpit
891 4591 924 4658 in
954 4613 1077 4658 uocem
1110 4589 1264 4657 subitam
1297 4607 1329 4656 et
1360 4616 1367 4655 ε
1396 4587 1492 4677 ‘quid
1519 4585 1562 4656 te'
1587 4588 1703 4677 inquit
1731 4585 1986 4676 praecipitem,

656 4722 676 4765 ο
706 4698 856 4781 misella,
886 4698 1027 4787 quaeris
1055 4697 1280 4787 extinguere?
1311 4696 1469 4786 quidque
1501 4696 1568 4762 iam
1604 4694 1802 4762 nouissimo
1831 4694 1987 4784 periculo

657 4805 840 4894 laborique
860 4804 925 4873 isto
942 4823 1074 4873 temere
1092 4804 1317 4872 succumbis?
1338 4826 1421 4870 nam
1440 4803 1465 4869 si
1482 4802 1627 4892 spiritus
1642 4824 1788 4893 corpore
1803 4820 1864 4870 tuo
1878 4801 1986 4869 semel

656 4913 761 4981 luerit
782 4912 974 5002 seiugatus‚
994 4912 1061 4979 ibis
1083 4913 1227 5001 quidem
1252 4911 1406 5001 profecto
1428 4911 1470 4977 ad
1489 4911 1604 4977 imum
1621 4927 1805 4994 tartarum,
1824 4908 1884 4976 sed
1905 4908 1988 4978 inde

658 5020 756 5088 nullo
775 5038 875 5113 pacto
894 5019 1006 5088 redire
1025 5018 1166 5112 poteris.
1188 5018 1279 5087 Mihi
1298 5019 1466 5085 ausculta.
