4492 6475
809 863 1035 932 „23-

265 1062 414 1144 aditum,
433 1084 505 1150 quo
522 1062 564 1128 de
582 1060 666 1128 solis
683 1059 867 1150 fraglantia
887 1076 1065 1126 mutuatae
1083 1058 1236 1125 calorem
1253 1057 1340 1125 truci
1364 1056 1460 1125 rabie
1482 1058 1596 1125 solent

265 1167 379 1236 efferri
402 1189 583 1256 cornuque
609 1186 711 1235 acuto
736 1186 768 1234 et
792 1166 905 1235 fronte
932 1187 1032 1233 saxea
1061 1183 1094 1232 et
1123 1186 1383 1253 nonnunquam
1413 1164 1596 1232 uenenatis

266 1274 443 1342 morsibus
470 1274 505 1341 in
532 1274 676 1341 exitium
704 1273 840 1341 saeuire
867 1271 1090 1354 mortalium3
1119 1271 1180 1338 sed
1206 1272 1291 1338 dum
1319 1271 1483 1339 meridies
1512 1270 1596 1338 solis

265 1380 441 1448 sedauerit
469 1403 637 1469 uaporem
667 1398 700 1447 et
728 1401 837 1470 pecua
865 1379 1010 1468 spiritus
1036 1376 1191 1445 fluuialis
1218 1377 1402 1445 serenitate
1428 1378 1595 1466 conquie-

267 1486 394 1567 uerint,
423 1486 554 1575 poteris
580 1486 647 1553 sub
674 1485 731 1552 illa
758 1483 1005 1574 procerissima
1033 1485 1188 1574 platano,
1212 1506 1302 1573 quae
1328 1506 1466 1551 mecum
1489 1483 1595 1551 simul
1626 1495 1644 1560 5

267 1614 377 1660 unum
394 1592 568 1661 fluentum
587 1592 690 1674 bibit,
710 1594 855 1661 latenter
872 1590 1100 1672 abscondere,
1116 1609 1150 1657 et
1166 1613 1246 1658 cum
1263 1590 1418 1679 primum
1439 1589 1595 1681 mitigata

265 1697 355 1768 furia
379 1699 574 1768 laxauerint
591 1723 677 1767 oues
698 1700 873 1782 animum,
893 1698 1067 1789 percussis
1089 1696 1276 1766 frondibus
1297 1696 1419 1787 attigui
1440 1697 1596 1764 nemoris
1631 1753 1636 1764 .

267 1803 1592 1896 lanosumaurumrepperies‚quodpassimstirpibusconexisobhaerescit'.

377 1922 414 1990 13
442 1920 650 1993 Sicarundo
660 1921 809 2011 simplex
821 1921 1017 1989 ethumana
1030 1921 1191 2011 Psychen
1203 1918 1434 2010 aegerrimam
1446 1920 1595 1987 salutem

266 2051 366 2096 suam
384 2029 542 2097 docebat.
565 2029 639 2096 Nec
656 2029 852 2098 auscultatu
881 2051 950 2096 non
978 2028 1192 2118 paenitendo
1216 2027 1403 2117 diligenter
1428 2026 1595 2094 instructa
1631 2052 1669 2096 ro

267 2136 325 2203 illa
350 2135 515 2218 cessauit,
539 2137 598 2203 sed
624 2135 821 2204 obseruatis
838 2134 1006 2203 omnibus
1028 2134 1198 2202 furatrina
1221 2133 1312 2201 facili
1337 2132 1501 2200 flauentis
1518 2132 1594 2200 auri

267 2242 413 2310 mollitie
442 2260 651 2333 congestum
683 2242 861 2332 gremium
890 2242 1020 2310 Veneri
1050 2259 1215 2330 reportat.
1251 2242 1324 2309 Nec
1353 2259 1472 2307 tamen
1502 2240 1596 2329 apud

264 2349 448 2417 dominam
466 2350 587 2417 saltem
607 2349 752 2418 secundi
771 2349 901 2418 laboris
919 2349 1118 2439 periculum
1137 2348 1333 2416 secundum
1351 2344 1596 2414 testimonium

266 2452 407 2540 meruit,
422 2457 481 2524 sed
496 2457 665 2526 contortis
682 2456 880 2546 superciliis
897 2456 1085 2524 subridens
1100 2477 1264 2523 amarum
1282 2453 1330 2522 sic
1349 2453 1465 2548 inquit
1484 2477 1491 2521 :
1508 2452 1596 2521 “Nec

267 2584 322 2630 me
341 2563 506 2653 praeterit
528 2562 635 2630 huius
653 2586 795 2653 quoque
818 2562 896 2630 facti
920 2581 1040 2631 auctor
1061 2562 1295 2631 adulterinus.
1315 2561 1385 2633 Sed
1410 2561 1481 2629 iam
1503 2583 1596 2629 nunc
1632 2566 1668 2630 15

265 2692 329 2760 ego
343 2671 465 2738 sedulo
481 2670 718 2759 periclitabor,
729 2693 772 2738 an
784 2670 916 2761 oppido
928 2669 1007 2738 forti
1020 2670 1142 2737 animo
1152 2669 1395 2761 singularique
1408 2668 1595 2757 prudentia

265 2776 312 2844 sis
330 2777 498 2868 praedita.
518 2777 673 2845 Videsne
692 2777 911 2845 insistentem
936 2777 1150 2845 celsissimae
1176 2777 1224 2844 illi
1245 2776 1324 2865 rupi
1343 2775 1474 2843 montis
1495 2775 1594 2844 ardui

267 2884 448 2967 uerticem,
471 2885 514 2951 de
538 2907 610 2973 quo
638 2883 745 2952 fontis
774 2884 837 2952 atri
868 2882 984 2952 fuscae
1011 2885 1173 2952 defluunt
1200 2884 1314 2951 undae
1334 2904 1596 2973 proxumaeque

265 2991 514 3080 conceptaculo
529 2990 631 3058 uallis
650 2991 805 3059 inclusae
823 2991 962 3083 Stygias
981 2992 1134 3081 inrigant
1148 2992 1295 3081 paludes
1309 3009 1342 3058 et
1356 3013 1459 3059 rauca
1473 2990 1594 3081 Cocyti

266 3099 396 3165 fluenta
415 3097 600 3206 nutriupt?
620 3098 780 3166 indidem
799 3098 886 3166 mihi
904 3100 947 3166 de
962 3098 1093 3166 summi
1109 3096 1216 3167 fontis
1234 3098 1351 3188 penita
1366 3097 1596 3187 scaturrigine
1627 3126 1669 3171 20

266 3227 383 3274 rorem
405 3204 579 3297 rigentem
603 3205 784 3275 hauritum
807 3207 871 3275 ista
893 3205 1079 3275 confestim
1101 3205 1216 3274 defers
1241 3203 1390 3274 urnula'.
1417 3204 1475 3277 Sic
1500 3205 1597 3273 aiens

264 3311 1594 3405 crustallodedolatumuasculum‚insupereigrauioracomminatatradidit.

377 3443 417 3507 14
440 3425 486 3489 At
511 3420 570 3487 illa
593 3420 748 3489 studiose
773 3422 920 3510 gradum
948 3421 1104 3490 celerans
1131 3420 1262 3488 montis
1288 3438 1485 3488 extremum
1512 3420 1597 3509 petit

266 3528 461 3611 tumulum,
479 3545 570 3596 certe
589 3529 644 3596 uel
664 3527 735 3595 illic
760 3528 949 3596 inuentura
968 3527 1060 3596 uitae
1084 3528 1257 3617 pessimae
1280 3527 1400 3595 linem.
1426 3527 1495 3598 Sed
1514 3550 1594 3594 curn

266 3634 422 3725 primum
443 3635 611 3725 praedicti
637 3635 708 3726 iugi
733 3635 973 3703 conterminos
999 3637 1093 3703 locos
1117 3634 1269 3725 appulit,
1289 3635 1385 3702 uidet
1410 3634 1457 3702 rei
1478 3651 1595 3702 uastae
1626 3645 1667 3709 25

272 3742 408 3810 letalem
427 3740 681 3811 difficultatem.
704 3745 869 3834 Namque
894 3765 1018 3810 saxum
1038 3742 1187 3810 immani
1206 3741 1451 3833 magnitudine
1474 3764 1596 3831 proce·

268 3872 347 3917 rum
362 3867 396 3917 et
411 3849 585 3918 inaccessa
603 3849 802 3918 salebritate
818 3849 994 3917 lubricum
1011 3849 1122 3917 medis
1136 3872 1154 3916 e
1168 3848 1329 3916 faucibus
1343 3848 1469 3938 lapidis
1483 3848 1596 3915 fontes

267 3956 429 4024 horridos
446 3958 648 4039 euomebat‚
667 3956 728 4046 qui
747 3957 864 4024 statim
884 3950 986 4045 pr'oni
1006 3955 1190 4024 foraminis
1208 3956 1343 4023 lacunis
1360 3956 1443 4023 editi
1462 3978 1595 4044 perque

266 4063 422 4150 procliue
437 4063 571 4152 delapsi
583 4063 765 4154 etangusti
777 4063 908 4131 canalis
919 4063 1214 4131 exaratocontecti
1230 4062 1369 4130 tramite
1384 4084 1594 4152 proxumam

264 4170 463 4238 conuallem
494 4170 642 4238 latenter
671 4169 885 4239 incidebant.
918 4172 1045 4238 Dextra
1072 4171 1245 4259 laeuaque
1273 4168 1435 4237 cautibus
1463 4167 1596 4236 cauatis
1626 4177 1669 4244 30

266 4296 563 4367 proserpuntet:..
579 4279 683 4370 longa
695 4279 782 4345 colla
793 4278 943 4369 porrecti
959 4277 1054 4346 saeui
1067 4280 1238 4347 dracones
1252 4275 1438 4345 inconiuae
1453 4275 1596 4367 uigiliae

266 4384 465 4452 luminibus
487 4386 637 4454 addictis
663 4403 695 4453 et
723 4385 755 4452 in
780 4403 987 4475 perpetuam
1017 4386 1130 4453 lucem
1157 4384 1302 4475 pupulis
1325 4384 1592 4452 excubantibus.

267 4491 414 4581 lamque
432 4510 464 4560 et
487 4493 583 4581 ipsae
606 4511 716 4561 semet
742 4491 951 4560 muniebant
975 4492 1114 4559 uocales
1133 4514 1256 4580 aquae.
1278 4493 1372 4559 Nam
1390 4508 1422 4558 et
1436 4476 1597 4558 ‘discede'

265 4616 298 4665 et
312 4598 410 4688 ‘quid
429 4598 535 4667 facisi
556 4596 648 4668 uidc'
665 4619 697 4667 et
712 4600 808 4688 ‘quid
828 4599 923 4690 agis?
942 4595 1038 4667 caue‘
1054 4616 1087 4666 et
1102 4597 1205 4689 ‘fuge’
1221 4616 1254 4667 et
1272 4595 1427 4688 ‘peribis‘
1443 4597 1595 4666 subinde

264 4706 428 4774 clamant.
449 4706 507 4778 Sic
522 4705 804 4797 impossibilitate
821 4707 896 4796 ipsa
910 4724 1043 4773 mutata
1058 4705 1093 4773 in
1108 4706 1262 4796 lapidem
1278 4705 1412 4795 Psyche
1429 4705 1596 4793 quamuis
1626 4718 1666 4784 35

265 4813 439 4903 praesenti
467 4837 613 4904 corpore
637 4815 801 4882 sensibus
824 4831 942 4881 tamen
960 4814 1093 4898 aberat,
1117 4831 1150 4881 et
1175 4811 1425 4880 inextricabilis
1448 4811 1593 4902 periculi

265 4920 357 4987 mole
380 4943 526 5010 prorsus
550 4922 676 4989 obruta
704 4922 944 4989 lacrumarum
970 4921 1076 4988 etiam
1104 4938 1260 4989 extremo
1286 4918 1415 4986 solacio
1442 4920 1592 4986 carebat.

377 5029 412 5094 15
440 5027 515 5095 Nec
540 5027 791 5096 Prouidentiae
814 5026 927 5094 bonae
949 5050 1074 5117 graues
1096 5028 1217 5094 oculos
1241 5025 1439 5094 innocentis
1456 5025 1594 5092 animae

264 5133 364 5202 latuit
386 5156 568 5201 aerumna.
590 5137 685 5202 Nam
710 5134 866 5225 supremi
887 5134 984 5202 louis
1010 5133 1135 5226 regalis
1163 5134 1234 5199 ales
1262 5133 1319 5200 illa
1346 5150 1487 5222 repente
1514 5154 1594 5221 pro-
