4492 6475
1212 2024 1285 2067 10

1201 3088 1286 3133 20

1203 4673 1284 4738 35

1343 1052 1460 1102 tua
1516 1053 1617 1102 est
1668 1033 2117 1114 existimatiO,
2166 1052 2401 1101 utrum
2459 1033 2823 1102 sororibus
2872 1056 3001 1123 pro
3052 1051 3166 1100 tua
3211 1055 3369 1100 cara
3419 1034 3640 1101 salute
3691 1034 4002 1102 sollicitis

1343 1140 1678 1208 adsentiri
1726 1139 1902 1208 uelis
1952 1157 2018 1205 et
2064 1140 2411 1207 declinata
2463 1158 2684 1207 morte
2732 1140 3099 1207 nobiscum
3154 1160 3396 1207 secura
3433 1139 3724 1229 periculi
3766 1141 4001 1209 uiuere

1344 1271 1432 1315 an
1486 1247 1940 1314 saeuissimae
1991 1246 2250 1313 bestiae
2295 1246 2575 1337 sepeliri
2630 1247 3039 1314 uisceribus
3086 1245 3304 1334 Quod
3355 1246 3409 1313 si
3462 1264 3525 1314 te
3576 1248 3759 1315 ruris
3798 1247 4002 1315 huius

1347 1353 1610 1421 uocalis
1645 1353 1953 1420 solitudo
1991 1353 2100 1420 uel
2147 1352 2622 1421 clandestinae
2669 1353 2952 1421 ueneris
3005 1353 3238 1420 faetidi
3287 1353 3806 1442 periculosique
3840 1377 4001 1421 con-

1346 1458 1626 1528 cubitus
1662 1477 1727 1527 et
1764 1459 2092 1526 uenenati
2130 1460 2475 1549 serpentis
2511 1460 2876 1547 amplexus
2910 1458 3283 1541 delectant,
3321 1478 3503 1527 certe
3540 1459 3697 1549 piae
3732 1482 4001 1528 sorores

1345 1585 1662 1634 nostrum
1711 1566 2124 1633 fecerimus’.
2156 1567 2371 1634 Tunc
2409 1567 2683 1656 Psyche
2730 1566 3028 1649 misella,
3069 1584 3306 1656 utpote
3354 1565 3651 1655 simplex
3686 1585 3752 1634 et
3786 1567 3995 1634 animi

1345 1674 1626 1757 tenella,
1667 1674 1934 1763 rapitur
1972 1673 2353 1741 uerborum
2392 1691 2531 1741 tam
2569 1673 2872 1741 tristium
2913 1672 3293 1742 formidine
3334 1700 3347 1739 ε
3388 1692 3576 1741 extra
3621 1673 3997 1741 terminum

1345 1780 1603 1848 mentis
1639 1803 1803 1847 suae
1841 1779 2067 1869 posita
2104 1802 2393 1870 prorsus
2427 1780 2750 1847 omniurn
2792 1780 3018 1859 mariti
3061 1780 3535 1848 monitionum
3574 1803 4001 1869 suarumque

1346 1887 1903 1977 promissionum
1959 1887 2376 1954 memoriam
2416 1886 2662 1954 effudit
2697 1906 2763 1954 et
2800 1888 2870 1955 in
2910 1886 3341 1976 profundum
3395 1887 3811 1954 calamitatis
3859 1909 4000 1953 sese

1347 1993 1861 2085 praecipitauit,
1919 2011 2370 2082 tremensque
2420 2012 2484 2060 et
2532 1994 2827 2082 exangui
2879 1994 3109 2061 colore
3163 1993 3420 2077 lurida,
3471 1993 3743 2061 tertiata
3795 1993 4003 2060 uerba

1345 2101 1722 2170 semhianti
1762 2124 1932 2169 uoce
1969 2101 2426 2189 substrepens
2462 2100 2558 2168 sic
2594 2103 2678 2168 ad
2716 2102 2870 2168 illas
2906 2100 2998 2168 ait
3039 2128 3052 2168 :

1574 2213 2200 2304 192‘Vosjquidem,
2223 2214 2625 2281 carissimae
2646 2237 2949 2298 sororeS,
2974 2232 3047 2280 ut
3068 2236 3193 2303 par
3213 2230 3383 2294 erat,
3404 2213 3471 2280 in
3491 2212 3718 2280 officio
3739 2232 4003 2280 uestrae

1347 2321 1625 2411 pietatis
1677 2320 2131 2410 permanetiS,
2189 2343 2436 2388 uerum
2494 2339 2560 2388 et
2614 2321 2712 2387 illi
2771 2320 2890 2409 qui
2952 2320 3113 2387 talia
3175 2320 3380 2387 uobis
3437 2320 3813 2387 adfirmant
3866 2341 3999 2386 non

1349 2427 1889 2496 uidenturmihi
1928 2427 2375 2495 mendacium
2416 2428 2704 2518 fingere.
2748 2429 2897 2494 Nec
2932 2427 3122 2494 enirn
3159 2449 3474 2514 unquam
3516 2427 3644 2493 uiri
3687 2425 3822 2493 mei
3864 2425 4002 2492 uidi

1349 2535 1595 2603 faciem
1627 2535 1746 2602 -uel
1776 2536 2072 2602 omnino
2099 2534 2347 2602 cuiatis
2376 2534 2462 2601 sit
2492 2535 2687 2617 noui,
2720 2536 2838 2601 sed
2870 2552 3141 2601 tantum
3175 2533 3540 2600 nocturnis
3575 2533 4007 2600 subaudiens

1349 2643 1645 2710 uocibus
1683 2641 2010 2709 maritum
2045 2641 2288 2708 incerti
2328 2660 2546 2709 status
2582 2659 2646 2708 et
2684 2664 2970 2730 prorsus
3007 2639 3386 2731 lucifugam
3423 2641 3643 2707 tolero
3679 2639 4006 2707 bestiam-

1347 2773 1483 2840 que
1535 2749 1842 2837 aliquam
1898 2766 2079 2815 recte
2127 2749 2526 2815 dicentibus
2578 2748 2783 2815 uobis
2837 2748 3087 2815 merito
3136 2747 3526 2815 consentio,
3578 2746 3695 2813 Me
3746 2746 4007 2835 quippe

1348 2881 1780 2950 magnopere
1837 2877 2114 2945 semper
2164 2878 2200 2921 a
2254 2857 2398 2922 suis
2449 2874 2657 2923 terret
2704 2855 3103 2944 aspectibus
3156 2855 3564 2942 malumque
3614 2852 3877 2942 grande
3924 2852 4007 2918 de

1350 2967 1587 3033 uultus
1666 2964 2067 3032 curiositate
2149 2963 2654 3054 praeminatur.
2729 2963 2939 3029 Nunc
3006 2963 3281 3051 siquam
3359 2961 3733 3027 salutarem
3802 2981 4003 3047 opem

1350 3072 1769 3163 periclitanti
1839 3070 2060 3139 sorori
2125 3086 2396 3137 uestrae
2456 3069 2744 3158 potestis
2805 3069 3103 3151 adferre,
3166 3068 3302 3135 iam
3365 3089 3551 3134 nunc
3609 3066 4005 3146 subsistite,

1347 3199 1654 3249 ceterum
1706 3178 1976 3247 incuria
2015 3168 2320 3267 sequens
2365 3176 2621 3268 prioris
2665 3175 3155 3278 prouidentiae
3201 3174 3538 3243 beneficia
3575 3169 4004 3262 corrumpit'.

1296 3305 1300 3310 ·
1346 3290 1551 3355 Tunc
1590 3305 1879 3355 nanctae
1927 3287 2062 3353 iam
2113 3290 2332 3374 portis
2368 3284 2772 3374 patentibus
2810 3285 3151 3351 nudatum
3193 3284 3452 3350 sororis
3488 3281 3805 3348 animum
3846 3279 4006 3347 faci-

1350 3418 1646 3463 norosae
1685 3393 2015 3461 mulieres
2050 3392 2334 3460 omissis
2370 3409 2583 3460 tectae
2616 3391 2982 3458 machinae
3016 3389 3351 3472 latibulis,
3381 3389 3727 3456 destrictis
3761 3386 4009 3479 gladiis

1349 3503 1740 3593 fraudiumj
1772 3499 2113 3590 simplicis
2180 3500 2453 3587 puellae
2521 3517 2860 3588 pauentes
2925 3497 3381 3588 cogitationes
3450 3496 3822 3563 inuadunt.
3894 3494 4007 3565 Sic

1348 3610 1658 3699 denique
1693 3609 1905 3675 altera
1949 3635 1960 3674 :

1565 3740 1649 3785 20
1695 3716 2086 3805 ‘Quoniam
2137 3739 2267 3782 nos
2316 3713 2613 3805 originis
2659 3736 2877 3780 nexus
2914 3735 3041 3800 pro
3076 3729 3192 3778 tua
3231 3710 3709 3777 incolumitate
3746 3708 4006 3798 pericu·

1349 3826 1492 3893 lum
1532 3824 1818 3914 quidem
1861 3824 2131 3890 nullum
2187 3841 2346 3890 ante
2389 3821 2630 3888 oculos
2678 3819 2938 3887 habere
2982 3817 3364 3908 compellit,
3406 3815 3593 3883 uiam
3641 3839 3819 3905 quae
3865 3815 4006 3881 sola

1347 3932 1629 3998 deducit
1663 3930 1849 4017 [iter]
1887 3930 1970 3997 ad
2019 3930 2313 3997 salutem
2353 3919 2474 3995 diu
2522 3928 2788 4015 diuque
2839 3929 3206 4015 cogitatam
3260 3923 3819 3991 monstrabimus
3854 3921 4002 3988 tibi.

1351 4038 1795 4106 Nouaculam
1851 4053 2329 4127 praeacutam,
2365 4035 2664 4124 adpulsu
2703 4033 2909 4100 etiam
2956 4031 3310 4121 palmulae
3363 4029 3689 4097 lenientis
3733 4050 4007 4115 exaspe-

1351 4162 1567 4213 ratam
1605 4142 1737 4212 tori
1776 4166 1913 4233 qua
1960 4161 2152 4233 parte
2187 4142 2446 4209 cubare
2481 4140 2831 4208 consuesti
2885 4141 3178 4206 latenter
3221 4137 3572 4204 absconde
3625 4135 4008 4203 lucernam-

1348 4276 1484 4342 que
1520 4251 1939 4319 concinnem
1987 4250 2406 4339 completam
2446 4249 2628 4330 ole0,
2666 4249 2851 4314 claro
2888 4245 3157 4313 lumine
3204 4243 3751 4335 praemicantem
3789 4242 4008 4309 subde

1348 4360 1587 4448 aliquo
1610 4356 2000 4426 claudentis
2023 4358 2300 4424 aululae
2324 4356 2658 4447 tegmine,
2686 4354 3025 4442 omnique
3050 4355 3180 4419 isto
3204 4367 3541 4441 apparatu
3568 4349 4008 4417 tenacissime

1348 4466 1820 4548 dissimulatO,
1883 4482 2256 4554 postquam
2317 4464 2617 4530 sulcatos
2676 4463 3039 4529 intrahens
3097 4482 3378 4550 gressus
3433 4458 3666 4525 cubile
3723 4456 4004 4524 solitum

1349 4572 1835 4640 conscenderit
1859 4572 2141 4660 iamque
2165 4589 2528 4660 porrectus
2555 4588 2619 4637 et
2643 4569 2929 4636 exordio
2953 4567 3185 4635 somni
3214 4565 3597 4656 prementis
3628 4563 4011 4654 implicitus

1349 4680 1564 4747 altum
1592 4702 1918 4770 soporem
1947 4680 2113 4746 flare
2136 4677 2471 4767 coeperit,
2499 4696 2652 4744 toro
2675 4676 2959 4765 delapsa
2985 4676 3316 4763 nudoque
3344 4673 3641 4762 uestigio
3667 4670 4006 4760 pensilem

1345 4789 1641 4879 gradum
1727 4786 2124 4876 pullulatim
2211 4786 2541 4854 minuens
2623 4806 2865 4851 caecae
2931 4783 3258 4850 tenebrae
3324 4779 3636 4847 custodia
3720 4777 4009 4846 liberata

1348 4894 1633 4962 lucerna
1694 4893 2028 4982 praeclari
2088 4892 2185 4959 tui
2247 4891 2578 4958 facinoris
2625 4889 3176 4980 oportunitatem
3226 4889 3312 4954 de
3374 4886 3663 4953 luminis
3714 4884 4009 4952 consilio

1351 5020 1670 5068 mutuare
1717 5019 1782 5067 et
1831 4999 2116 5088 ancipiti
2169 4999 2477 5088 telossillo
2527 4997 2880 5064 audaciter
2924 4996 3119 5085 prius
3168 4996 3449 5062 dextera
3503 5014 3781 5060 sursum
3834 4992 4008 5058 elata

1351 5109 1507 5176 nisu
1545 5131 1756 5198 quam
1798 5107 2035 5175 ualido
2074 5106 2262 5173 noxii
2302 5105 2648 5196 serpentis
2685 5106 2949 5172 nodum
2987 5102 3281 5171 ceruicis
3318 5119 3382 5168 et
3416 5099 3665 5189 capitis
3700 5098 4006 5166 abscide.
