4492 6475
822 864 1023 931 -7-

260 1037 459 1127 pernicioso
476 1038 625 1106 consilio
642 1061 744 1106 suasa
762 1040 805 1106 de
823 1037 935 1106 forma
955 1039 1070 1107 mariti
1089 1057 1247 1128 quaerat,
1263 1062 1352 1108 neue
1370 1063 1406 1106 se
1424 1039 1590 1130 sacrilega

260 1143 460 1212 curiositate
478 1146 520 1212 de
537 1162 633 1213 tanto
655 1144 878 1214 fortunarum
902 1163 1066 1238 suggestu
1094 1169 1235 1237 pessum
1254 1145 1381 1215 deiciat
1406 1170 1468 1215 nec
1486 1171 1589 1214 suum

259 1269 380 1340 postea
412 1251 590 1342 contingat
622 1252 837 1341 amplerum.
871 1252 1011 1322 Gratias
1043 1253 1113 1344 egit
1145 1253 1271 1322 marito
1301 1253 1441 1343 iamque
1471 1254 1592 1321 laetior

260 1357 380 1425 animo
400 1384 406 1423 :
424 1358 495 1426 ‘sed
514 1357 622 1448 prius’
643 1357 758 1447 inquit
776 1359 919 1426 ‘centies
937 1359 1068 1428 moriar
1084 1383 1190 1450 quam
1214 1378 1275 1427 tuo
1297 1359 1363 1428 isto
1385 1361 1591 1428 dulcissimo

260 1464 414 1531 conubio
439 1486 588 1532 caream.
616 1469 710 1533 Amo
736 1464 831 1533 enirn
859 1483 892 1534 et
920 1465 1071 1534 efflictim
1102 1485 1148 1548 te,
1168 1466 1383 1556 quicumque
1410 1490 1459 1549 es,
1482 1467 1592 1557 diligo
1623 1476 1640 1540 5

261 1593 371 1659 aeque
401 1587 438 1639 ut
466 1593 585 1639 meum
615 1571 778 1661 spiritum
810 1595 872 1640 nec
900 1572 966 1662 ipsi
994 1573 1165 1663 Cupidini
1193 1596 1372 1663 comparo.
1402 1573 1472 1645 Sed
1498 1573 1590 1641 istud

261 1677 363 1745 etiam
379 1677 467 1745 meis
482 1677 658 1767 precibus,
673 1702 750 1759 oro,
766 1679 891 1770 largire
906 1698 938 1747 et
952 1679 1001 1748 illi
1016 1699 1076 1748 tuo
1090 1679 1223 1748 famulo
1236 1680 1400 1771 Zephyro
1414 1680 1589 1771 praecipe,

260 1783 367 1851 simili
384 1801 526 1852 uectura
543 1807 681 1852 sorores
696 1786 765 1853 huc
780 1786 866 1854 mihi
882 1784 1000 1855 sistat’.
1020 1789 1063 1856 Et
1077 1788 1287 1878 imprimens
1300 1788 1419 1855 oscula
1433 1788 1591 1855 suasoria

260 1891 1206 1985 etinurguensuerbamulcentiaetingerensmembra
1219 1894 1377 1985 cogentia
1390 1893 1589 1962 haecctiam

259 1997 441 2067 blanditiis
454 1999 577 2066 astruit
591 1996 670 2071 :uti
687 2000 829 2082 mellite,
843 2000 891 2068 mi
908 2001 1044 2085 marite,
1058 2019 1135 2070 tuae
1152 2002 1308 2091 Psychae
1323 2000 1436 2068 dulcis
1450 2000 1591 2073 anima’.
1627 2031 1664 2075 to

258 2105 360 2197 Vilac
377 2104 538 2195 potestati
557 2106 685 2173 Veneri
705 2129 872 2174 susurrus
890 2106 1023 2175 inuitus
1041 2108 1227 2176 succubuit
1249 2107 1395 2175 maritus
1417 2127 1450 2175 et
1467 2125 1590 2175 cuncta

259 2235 295 2281 se
312 2213 485 2281 facturum
511 2213 703 2302 spopondit
729 2231 833 2302 atque
860 2213 965 2282 etiam
994 2215 1068 2282 luce
1096 2232 1330 2304 proxumante
1356 2215 1398 2283 de
1426 2214 1591 2282 manibus

260 2319 378 2388 uxoris
398 2318 555 2387 euanuit.

348 2450 367 2516 7
393 2430 439 2494 At
457 2425 537 2494 illae
559 2449 698 2495 sorores
722 2446 942 2516 percontatae
965 2429 1150 2518 scopulum
1176 2430 1363 2518 locumque
1386 2428 1500 2511 illum,
1519 2451 1590 2517 quo

259 2533 371 2601 suerat
389 2533 526 2623 Psyche
540 2535 689 2616 deserta,
705 2534 910 2602 festinanter
927 2535 1124 2603 adueniunt
1138 2535 1258 2624 ibique
1272 2535 1452 2603 difflebant
1469 2536 1590 2603 oculos
1626 2546 1661 2611 ι5

257 2659 289 2708 et
308 2641 522 2731 plangebant
545 2642 666 2723 ubera,
685 2643 801 2732 quoad
820 2642 952 2710 crebris
969 2665 1089 2710 earum
1113 2642 1329 2710 heiulatibus
1354 2664 1433 2709 saxa
1459 2661 1590 2710 cautes-

257 2771 325 2836 que
349 2746 494 2836 parilem
521 2771 648 2816 sonum
677 2750 896 2818 resultarent.
918 2750 1064 2838 lamque
1091 2750 1234 2818 nomine
1261 2749 1407 2840 proprio
1432 2772 1588 2817 sororem

258 2853 422 2922 miseram
441 2854 593 2937 ciebant,
613 2857 729 2944 quoad
749 2878 837 2923 sono
854 2855 1062 2945 penetrabili
1082 2856 1179 2924 uocis
1197 2856 1377 2925 ululabilis
1400 2878 1461 2946 per
1479 2877 1589 2946 prona

257 2960 402 3050 delapso
419 2983 542 3028 amens
560 2979 593 3029 et
610 2963 745 3051 trepida
765 2962 902 3053 Psyche
921 2963 1095 3053 procurrit
1113 2987 1131 3031 e
1148 2964 1255 3031 domo
1273 2981 1305 3031 et
1324 2985 1331 3027 ε
1349 2961 1457 3051 ‘quid'
1474 2962 1590 3052 inquit

255 3076 331 3136 ‘uos
361 3068 498 3136 miseris
526 3068 839 3136 lamentationibus
866 3071 1082 3160 nequiquam
1110 3069 1285 3159 affligitis?
1315 3092 1422 3157 quam
1450 3070 1589 3158 lugetis,
1620 3103 1663 3148 20

258 3176 396 3244 adsum.
419 3176 606 3268 Lugubres
624 3198 728 3244 uoces
742 3176 891 3245 desinite
906 3195 937 3245 et
951 3177 1098 3246 diutinis
1113 3176 1266 3246 lacrimis
1285 3178 1465 3245 madentes
1481 3199 1590 3267 genas

258 3283 381 3351 siccate
393 3284 548 3365 tandem,
564 3276 697 3374 quippe
711 3307 789 3351 cum
806 3284 876 3353 iam
892 3284 1033 3375 possitis
1047 3307 1153 3375 quam
1169 3284 1389 3375 plangebatis
1402 3284 1586 3374 amplecti‘.

256 3392 359 3459 Tunc
377 3408 541 3458 uocatum
564 3391 767 3481 Zephyrum
788 3392 963 3481 praecepti
987 3391 1157 3460 maritalis
1179 3392 1356 3458 admonet.
1378 3392 1452 3461 Nec
1476 3415 1587 3475 mora,

256 3520 338 3565 cum
369 3497 426 3564 ille
460 3519 587 3587 parens
620 3497 770 3587 imperio
803 3498 925 3565 statim'
953 3497 1238 3566 clementissimis
1271 3497 1412 3565 flatibus
1445 3498 1587 3566 innoxia

258 3623 398 3672 uectura
412 3606 572 3694 deportat
587 3604 675 3671 illas.
693 3606 766 3672 lam
784 3605 915 3672 mutuis
929 3604 1151 3695 amplexibus
1164 3623 1197 3673 et
1214 3603 1463 3672 festinantibus
1480 3605 1588 3673 sauiis
1619 3619 1659 3684 25

256 3735 331 3780 sese
349 3710 580 3802 perfruuntur
597 3730 630 3778 et
655 3712 732 3779 illae
755 3712 892 3779 sedatae
916 3711 1079 3780 lacrimae
1102 3710 1322 3801 postliminio
1345 3712 1492 3779 redeunt
1511 3735 1586 3800 pr0=

257 3821 403 3888 lectante
432 3818 574 3909 gaudio.
603 3818 684 3890 ‘Sed
714 3836 747 3886 et
775 3825 915 3886 tectum'
943 3818 1057 3908 inquit
1079 3817 1123 3886 ‘et
1152 3820 1259 3886 larem
1290 3835 1449 3886 nostrum
1481 3819 1587 3886 laetae

256 3925 428 3994 succedite
447 3942 480 3993 et
497 3925 639 3993 afflictas
657 3927 794 3993 animas
811 3948 891 3993 cum
913 3927 1047 4016 Psyche
1067 3943 1182 3995 uestra
1202 3924 1372 3994 recreate’.

345 4033 365 4101 8
391 4032 1133 4122 Sicallocutasummasopesdomusaureae
1145 4055 1344 4120 uocumque
1355 4032 1585 4100 seruientium

255 4140 464 4231 populosam
483 4138 653 4206 familiam
672 4140 889 4207 demonstrat
903 4140 1049 4208 auribus
1062 4162 1183 4207 earum
1199 4141 1409 4228 lauacroque
1427 4139 1585 4228 pulcher·
1617 4152 1660 4220 30

256 4247 346 4315 rimo
363 4265 396 4313 et
422 4246 637 4314 inhumanae
663 4269 803 4314 mensae
827 4246 972 4315 lautitiis
996 4268 1053 4314 eas
1070 4247 1216 4337 opipare
1243 4246 1364 4328 reficit,
1384 4263 1421 4314 ut
1445 4245 1585 4313 illarum

256 4376 400 4444 prorsus
422 4353 624 4421 caelestium
643 4353 849 4422 diuitiarum
868 4354 979 4444 copiis
1001 4353 1216 4422 afluentibus
1237 4353 1378 4421 satiatae
1403 4353 1470 4420 iam
1490 4375 1584 4442 prae-

254 4460 383 4528 cordiis
411 4460 554 4550 penitus
583 4460 758 4528 nutrirent
790 4461 976 4528 inuidiam.
1014 4461 1177 4550 Denique
1208 4460 1314 4527 altera
1348 4482 1468 4527 earum
1503 4459 1585 4527 satis

255 4568 459 4657 scrupulose
472 4566 680 4656 curioseque
693 4569 888 4656 percontari
903 4590 972 4635 non
985 4568 1126 4648 desinit,
1140 4567 1220 4657 quis
1232 4567 1371 4635 illarum
1383 4567 1584 4634 caelestium

256 4697 372 4743 rerum
399 4674 580 4757 dominus,
600 4674 725 4763 quisue
751 4675 806 4742 uel
830 4675 944 4764 qualis
970 4676 1081 4764 ipsius
1107 4674 1150 4742 sit
1177 4674 1335 4742 maritus.
1366 4675 1440 4743 Nec
1467 4691 1581 4740 tamen
1615 4690 1656 4757 35

256 4782 391 4871 Psyche
409 4782 592 4873 coniugale
616 4782 702 4850 illud
722 4800 946 4873 praeceptum
971 4783 1042 4849 ullo
1066 4799 1166 4871 pacto
1188 4798 1334 4849 temerat
1351 4781 1410 4848 uel
1436 4780 1584 4868 pectoris

254 4888 391 4956 arcanis
417 4888 536 4980 exigit,
564 4890 722 4957 sedere
750 4907 829 4956 nata
855 4889 1025 4980 confingit
1051 4912 1126 4956 esse
1154 4888 1318 4956 iuuenem
1347 4887 1524 4976 quendam
1552 4905 1584 4953 et

254 4995 468 5085 speciosum,
480 4998 709 5064 commodum
725 4997 846 5063 lanoso
858 4996 1009 5064 barbitio
1020 5018 1127 5086 genas
1141 4995 1417 5073 inumbrantem,
1432 4994 1583 5082 plerum·

254 5127 321 5193 que
334 5103 599 5171 rurestribusac
612 5099 1583 5192 montanisuenatibusoccupatum3etnequasermonis
