4492 6475
1190 2053 1263 2095 ΙΟ

1187 2567 1258 2630 15

1178 3130 1262 3176 20

1177 3648 1260 3713 25

1179 4717 1260 4782 35

2437 878 2877 942 „14-

1537 1056 1618 1122 23
1673 1054 1881 1141 Quae
1910 1054 2078 1119 dum
2113 1051 2489 1118 insatiabili
2516 1050 2755 1118 animo
2781 1051 3052 1141 Psyche
3082 1050 3360 1117 satis*et
3391 1050 3666 1118 curiosa
3697 1049 3985 1118 rimatur

1325 1182 1532 1251 atque
1592 1178 1962 1250 pertrectat
2019 1177 2082 1226 et
2142 1158 2372 1226 mariti
2429 1158 2534 1226 sui
2594 1158 2888 1226 miratur
2944 1181 3165 1241 arma,
3220 1158 3574 1247 depromit
3633 1179 3845 1223 unam
3903 1157 3985 1223 de

1328 1270 1651 1358 pharetra
1688 1268 2009 1357 sagittam
2048 1284 2112 1333 et
2148 1283 2411 1354 puncto
2446 1264 2719 1355 pollicis
2755 1283 3133 1332 extremam
3174 1264 3391 1331 aciem
3432 1262 3984 1353 periclitabunda

1324 1374 1690 1443 trementis
1739 1375 1944 1441 etiam
2001 1396 2188 1441 nunc
2239 1372 2510 1441 articuli
2566 1373 2722 1439 nisu
2775 1370 3061 1439 fortiore
3113 1370 3415 1462 pupugit
3464 1370 3696 1453 altiuS,
3745 1387 3819 1438 ut
3869 1392 3987 1459 per

1325 1506 1674 1550 summam
1737 1500 1966 1549 cutem
2026 1481 2425 1548 rorauerint
2483 1480 2821 1568 paruulae
2879 1477 3247 1568 sanguinis
3305 1477 3482 1544 rosei
3553 1493 3809 1567 guttae.
3872 1476 3983 1548 Sic

1327 1590 1565 1681 ignara
1636 1589 1907 1678 Psyche
1976 1606 2224 1677 sponte
2296 1588 2364 1655 in
2434 1587 2718 1655 Amoris
2786 1585 3030 1654 incidit
3096 1608 3435 1652 amorem.
3505 1587 3709 1652 Tunc
3769 1584 3980 1675 magis

1325 1698 1689 1786 magisque
1715 1695 2048 1785 cupidine
2074 1694 2380 1784 fraglans
2405 1692 2811 1783 Cupidinis,
2839 1715 3063 1783 prona
3088 1692 3154 1759 in
3184 1715 3346 1759 eum
3371 1691 3674 1760 efflictim
3703 1691 3983 1759 inhians

1326 1804 1581 1892 patulis
1617 1825 1693 1869 ac
1733 1801 2213 1891 petulantibus
2251 1801 2467 1868 sauiis
2504 1800 2913 1868 festinanter
2950 1799 3239 1890 ingestis
3268 1801 3353 1867 de
3388 1800 3616 1866 somni
3660 1821 3982 1867 mensura

1327 1911 1702 1977 metuebat.
1738 1910 1877 1980 Sed
1908 1911 2077 1976 dum
2112 1909 2301 1976 bono
2329 1926 2523 1976 tanto
2552 1908 2812 1998 percita
2841 1906 3076 1975 saucia
3100 1925 3332 1974 mente
3360 1906 3675 1989 fluctuat,
3708 1908 3982 1975 lucerna

1324 2019 1436 2085 illa
1476 2018 1627 2085 siue
1664 2016 1957 2106 perfidia
1996 2016 2302 2105 pessima
2349 2015 2497 2083 siue
2551 2014 2822 2083 inuidia
2876 2014 3080 2081 noxia
3128 2013 3277 2080 siue
3322 2013 3681 2103 quod2tale
3735 2036 3985 2103 corpus

1322 2125 1729 2215 contingere
1777 2140 1842 2191 et
1890 2123 2089 2212 quasi
2143 2122 2415 2189 basiare
2465 2140 2531 2189 et
2584 2122 2734 2212 ipsa
2789 2121 3154 2212 gestiebat,
3206 2120 3525 2187 euomuit
3574 2122 3660 2189 de
3711 2143 3980 2187 summa

1322 2230 1615 2299 luminis
1650 2230 1755 2298 sui
1788 2230 2044 2297 stillam
2074 2228 2415 2297 feruentis
2441 2230 2573 2296 olei
2608 2251 2818 2319 super
2849 2250 3170 2295 umerum
3203 2227 3314 2295 dei
3344 2228 3734 2295 dexterum.
3769 2228 3983 2310 Hem,

1321 2339 1546 2406 audax
1583 2356 1649 2404 et
1685 2338 2049 2405 temeraria
2090 2337 2375 2403 lucerna
2412 2354 2477 2404 et
2519 2336 2782 2403 amoris
2820 2335 2958 2403 uile
2996 2334 3496 2417 ministerium,
3536 2335 3767 2424 ipsum
3807 2334 3985 2424 ignis

1322 2445 1535 2513 totius
1585 2445 1960 2513 dominum
2009 2444 2276 2525 aduris,
2331 2466 2489 2510 cum
2544 2460 2605 2510 te
2658 2442 2915 2509 scilicet
2969 2460 3235 2510 amator
3296 2441 3552 2530 aliquis
3600 2459 3674 2510 ut
3722 2441 3986 2509 diutius

1322 2551 1578 2642 cupitis
1622 2552 1827 2618 etiam
1880 2569 2078 2618 nocte
2125 2550 2468 2640 potiretur
2512 2550 2784 2639 primus
2835 2548 3212 2616 inuenerit.
3263 2548 3379 2620 Sic
3426 2549 3704 2616 inustus
3748 2548 3986 2616 exiluit

1323 2661 1496 2726 deus
1533 2657 1824 2746 uisaque
1860 2659 2165 2725 detectae
2211 2656 2370 2725 fidei
2411 2657 2714 2725 colluuie
2768 2656 3090 2748 protinus
3141 2678 3223 2722 ex
3270 2656 3493 2724 oculis
3542 2676 3609 2724 et
3660 2657 3985 2724 manibus

1327 2766 1848 2834 infelicissimae
1883 2763 2205 2855 coniugis
2249 2764 2499 2833 tacitus
2535 2764 2873 2833 auolauit.

1540 2903 1628 2968 24
1676 2886 1766 2949 At
1818 2880 2089 2970 Psyche
2135 2880 2367 2947 statim
2415 2880 2845 2971 resurgentis
2890 2881 3040 2949 eius
3084 2904 3285 2949 crure
3329 2881 3612 2948 dextero
3660 2880 3986 2948 manibus

1323 2989 1670 3057 ambabus
1736 2988 2025 3077 adrepto
2092 2986 2419 3080 sublimis
2468 2986 2855 3054 euectionis
2913 2987 3261 3077 adpendix
3307 2986 3706 3055 miseranda
3758 3004 3824 3054 et
3868 3009 3987 3076 per

1327 3095 1605 3163 nubilas
1641 3095 1881 3186 plagas
1919 3094 2207 3184 penduli
2263 3094 2635 3162 comitatus
2684 3112 2992 3161 extrema
3044 3094 3424 3183 consequia
3474 3094 3756 3162 tandem
3811 3094 3986 3162 fessa

1321 3202 1672 3272 delabitur
1706 3202 1880 3269 solo.
1925 3202 2072 3269 Nec
2108 3202 2283 3269 deus
2318 3217 2588 3269 amator
2638 3200 2836 3269 humi
2885 3200 3226 3269 iacentem
3274 3202 3606 3269 deserens
3642 3200 3987 3269 inuolauit

1323 3311 1717 3400 proximam
1747 3331 2161 3397 cupressum
2188 3309 2418 3397 deque
2446 3307 2597 3376 eius
2616 3310 2755 3377 alto
2776 3309 3138 3376 cacumine
3167 3309 3264 3376 sic
3287 3330 3438 3376 eam
3465 3308 3772 3399 grauiter
3806 3332 3988 3378 cotn-

1325 3436 1556 3485 motus
1605 3416 1879 3484 adfatur
1918 3443 1931 3481 ε
1966 3417 2142 3506 ‘Ego
2177 3415 2497 3504 quidem,
2537 3415 3059 3504 simplicissima
3101 3416 3399 3506 Psyche,
3438 3416 3748 3505 parentis
3792 3439 3986 3485 meae

1323 3523 1619 3591 Veneris
1648 3540 2183 3613 praeceptorum
2216 3522 2618 3605 immemor,
2644 3544 2823 3611 quae
2852 3541 2915 3589 te
2947 3522 3181 3590 miseri
3213 3521 3646 3611 extremique
3677 3524 3985 3591 hominis

1322 3631 1724 3699 deuinctam
1770 3628 2102 3719 cupidine
2141 3629 2385 3696 infimo
2433 3629 2886 3697 matrimonio
2931 3629 3157 3698 addici
3208 3631 3529 3713 iusserat,
3570 3631 3717 3720 ipse
3754 3631 3986 3720 potius

1323 3755 1594 3806 amator
1643 3736 1975 3804 aduolaui
2027 3736 2178 3803 tibi.
2229 3735 2369 3806 Sed
2426 3737 2555 3803 hoc
2607 3735 2731 3804 feci
2788 3737 3060 3821 leuiter,
3099 3737 3268 3821 scio,
3308 3755 3372 3805 et
3423 3738 3823 3827 praeclarus
3874 3738 3984 3806 ille

1324 3844 1724 3937 sagittarius
1768 3842 1918 3933 ipse
1966 3865 2074 3910 me
2125 3844 2262 3910 telo
2300 3865 2457 3910 meo
2509 3843 2817 3933 percussi
2870 3862 3075 3933 teque
3130 3843 3505 3934 coniugem
3557 3867 3788 3912 meam
3826 3844 3981 3929 feci,

1324 3969 1398 4018 ut
1432 3951 1652 4018 bestia
1688 3950 1948 4017 scilicet
1998 3949 2121 4016 tibi
2171 3950 2450 4017 uiderer
2484 3969 2549 4018 et
2597 3949 2781 4018 ferro
2832 3969 3040 4040 caput
3089 3950 3441 4018 excideres
3492 3974 3759 4035 meum,
3796 3953 3986 4041 quod

1326 4058 1493 4125 istos
1513 4076 1861 4125 amatores
1888 4074 2046 4123 tuos
2067 4057 2308 4123 oculos
2334 4057 2531 4147 geri-t!
2570 4058 2765 4125 Haec
2792 4057 2918 4124 tibi
2951 4056 3335 4127 identidem
3368 4081 3647 4148 semper
3673 4060 3985 4127 cauenda

1324 4164 1728 4247 censebam,
1783 4164 1950 4231 haec
2000 4163 2330 4230 beniuole
2384 4164 2865 4231 remonebam.
2921 4165 3059 4236 Sed
3117 4165 3273 4234 illae
3327 4165 3611 4255 quidem
3667 4166 4002 4234 consilia-.

1324 4272 1528 4340 trices
1563 4270 1878 4362 egregiae
1916 4289 2073 4338 tuae
2110 4288 2249 4339 tam
2298 4270 2672 4361 perniciosi
2715 4270 3097 4362 magisterii
3145 4273 3416 4340 dabunt
3460 4291 3770 4342 actutum
3812 4272 3981 4341 mihi

1326 4400 1615 4468 poena5‚
1685 4395 1747 4444 te
1817 4400 1984 4444 uero
2049 4394 2322 4445 tantum
2391 4369 2553 4469 fuga
2623 4401 2774 4446 mea
2841 4380 3234 4468 puniuero³.
3310 4382 3395 4448 Et
3457 4403 3616 4449 cum
3686 4380 3987 4448 termino

1325 4484 1672 4553 sermonis
1709 4485 1947 4573 pinnis
1985 4484 2051 4551 in
2093 4485 2308 4552 altum
2350 4508 2419 4552 se
2459 4486 2834 4575 proripuit.

1541 4596 1620 4659 25
1678 4593 1951 4681 Psyche
1979 4615 2147 4658 uero
2175 4593 2373 4661 humi
2402 4610 2743 4682 prostrata
2767 4611 2834 4661 et
2855 4612 3199 4682 quantum
3229 4594 3383 4661 uisu
3413 4610 3682 4682 poterat
3713 4594 3987 4661 uolatus

1327 4698 1556 4766 mariti
1595 4699 2034 4789 prospiciens
2062 4699 2388 4767 extremis
2417 4700 2764 4790 affligebat
2801 4700 3426 4768 lamentationibus
3458 4701 3804 4769 animum.
3846 4701 3986 4772 Sed

1329 4804 1445 4871 ubi
1516 4804 1811 4893 remigio
1879 4807 2160 4894 plumae
2237 4825 2512 4896 raptum
2593 4807 2923 4874 maritum
3002 4808 3380 4896 proceritas
3455 4807 3659 4897 spatii
3736 4806 3987 4876 fecerat

1325 4913 1662 4993 alienum,
1722 4935 1843 5002 per
1895 4913 2194 5001 proximi
2247 4913 2565 4980 fluminis
2616 4914 3004 5004 marginem
3057 4915 3514 5005 praecipitem
3565 4937 3713 4982 sese
3767 4915 3980 4983 dedit.

1327 5020 1465 5089 Sed
1507 5019 1694 5086 mitis
1743 5019 2032 5096 fluuius„
2074 5020 2141 5086 in
2184 5021 2520 5086 honorem
2561 5021 2670 5087 dei
2726 5022 2985 5089 scilicet
3033 5021 3151 5110 qui
3206 5039 3271 5089 et
3307 5022 3493 5110 ipsas
3529 5044 3747 5111 aquas
3785 5019 3992 5088 urere‘

1325 5126 1723 5207 consueuit,
1786 5145 2105 5193 metuens
2164 5128 2295 5193 sibi
2357 5127 2721 5194 confestim
2782 5150 2933 5195 eam
3005 5128 3294 5195 innoxio
3354 5129 3720 5196 uolumine
3777 5149 3988 5216 super
