4492 6475
1207 2018 1281 2059 10

1206 2560 1279 2626 15

1198 3099 1282 3144 20

1200 3616 1281 3681 25

1202 4687 1284 4754 35

1561 1026 1596 1089 5
1654 1023 1796 1089 Isto
1833 1044 2117 1110 quoque
2169 1021 2491 1089 fortunae
2528 1021 2901 1111 naufragio
2950 1022 3223 1111 Psyche
3270 1021 3636 1111 perterrita
3676 1043 3801 1088 nec
3840 1020 4015 1088 indi-

1345 1130 1515 1220 pisci
1547 1130 1686 1197 iam
1720 1128 2054 1196 maritum
2091 1129 2460 1196 uolatilem
2487 1129 2768 1217 quienS,
2799 1146 2939 1197 tota
2970 1151 3091 1217 spe
3120 1127 3365 1196 salutis
3392 1127 3711 1217 deposita
3738 1128 3836 1195 sic
3864 1128 4014 1217 ipsa

1345 1260 1507 1304 suas
1541 1235 2001 1327 cogitationes
2035 1236 2394 1304 consuluit
2426 1262 2439 1302 :
2476 1236 2652 1303 ‘Iam
2706 1259 2885 1324 quae
2937 1252 3235 1324 possunt
3269 1235 3404 1302 alia
3441 1234 3618 1302 meis
3652 1236 4015 1303 aerumnis

1345 1343 1671 1433 temptari
1713 1345 1821 1410 uel
1861 1342 2180 1411 adhiberi
2221 1343 2564 1425 subsidia,
2602 1343 2714 1411 cui
2755 1365 2878 1410 nec
2911 1344 3210 1411 dearum
3259 1342 3550 1430 quidem
3601 1363 4012 1430 quanquam

1345 1450 1741 1517 uolentium
1810 1468 2194 1539 potuerunt
2260 1452 2589 1539 prodesse
2664 1449 3038 1540 suffragia?
3123 1471 3431 1538 quosum
3511 1448 3747 1538 itaque
3805 1448 4016 1517 tantis

1346 1558 1616 1647 laqueis
1675 1558 1943 1624 inclusa
2006 1557 2391 1648 uestigium
2449 1557 2852 1648 porrigam?
2913 1556 3319 1646 quibusque
3378 1555 3573 1624 tectis
3631 1557 3742 1623 uel
3802 1555 4013 1623 etiam

1344 1666 1658 1733 tenebris
1701 1665 2112 1733 abscondita
2165 1687 2464 1755 magnae
2500 1664 2796 1732 Veneris
2847 1663 3296 1731 ineuitabiles
3340 1664 3584 1730 oculos
3632 1662 4011 1753 effugiam?

1343 1772 1518 1861 quin
1568 1770 1781 1861 igitur
1835 1772 2233 1839 masculum
2286 1774 2575 1840 tandem
2629 1771 2855 1839 sumis
2907 1770 3233 1838 animum
3285 1787 3350 1837 et
3402 1793 3636 1838 cassae
3691 1771 4014 1860 speculae

1343 1880 1709 1948 renuntias
1744 1879 2015 1947 sortiter
2059 1896 2124 1946 et
2161 1880 2559 1947 ultroneam
2605 1895 2668 1946 te
2719 1878 3052 1946 dominae
3105 1896 3264 1946 tuae
3311 1877 3546 1946 reddis
3591 1895 3656 1945 et
3700 1878 3811 1945 uel
3863 1900 4015 1945 sera

1344 1986 1686 2054 modestia
1723 1986 2120 2053 saeuientes
2158 1986 2467 2076 impetus
2494 1987 2648 2055 eius
2683 1986 3008 2076 mitigas?
3047 1985 3167 2074 qui
3207 1985 3411 2068 scia5‚
3440 2007 3526 2052 an
3558 1984 3769 2053 etiam
3798 2008 4016 2075 quem

1341 2094 1461 2161 diu
1500 2093 1852 2183 quaeritas
1890 2093 2029 2159 illic
2068 2094 2133 2160 in
2172 2093 2679 2164 domomatris
2728 2093 3148 2183 repperies³i
3203 2092 3320 2163 Sic
3356 2093 3440 2159 ad
3476 2092 3781 2160 dubium
3816 2091 4012 2159 obse·

1341 2200 1622 2289 quium,
1675 2200 1899 2267 immo
1951 2201 2037 2267 ad
2096 2218 2368 2268 certum
2426 2200 2723 2268 exitium
2781 2217 3191 2290 praeparata
3244 2198 3678 2289 principium
3737 2199 4012 2268 futurae

1341 2329 1581 2375 secum
1620 2307 2091 2376 meditabatur
2127 2307 2664 2375 obsecrationis,

1554 2425 1596 2490 6
1644 2428 1737 2491 At
1795 2425 2037 2491 Venus
2090 2423 2385 2491 terrenis
2438 2422 2772 2491 remediis
2824 2422 3313 2512 inquisitionis
3363 2421 3687 2490 abnuens
3736 2422 4013 2490 caelum

1343 2531 1535 2620 petit.
1566 2530 1768 2598 Iubet
1793 2530 2103 2599 construi
2129 2552 2449 2613 currum,
2475 2552 2692 2619 quem
2716 2529 2777 2598 ei
2800 2531 3165 2597 Vulcanus
3189 2529 3455 2597 aurifex
3483 2529 3723 2620 suptili
3751 2529 4012 2597 fabrica

1342 2638 1653 2706 studiose
1713 2637 2060 2727 poliuerat
2117 2654 2183 2705 et
2243 2657 2402 2705 ante
2461 2637 2750 2705 thalami
2813 2637 3303 2705 rudimentum
3367 2636 3681 2726 nuptiale
3748 2659 4015 2704 munus

1342 2745 1717 2827 obtulerat,
1777 2745 1984 2811 limae
2040 2745 2397 2812 tenuantis
2453 2745 2878 2812 detrimento
2936 2744 3407 2834 conspicuum
3460 2762 3525 2811 et
3581 2744 3807 2834 ipsius
3858 2745 4011 2812 auri

1341 2851 1606 2918 damno
1644 2851 2058 2942 pretiosum.
2105 2854 2205 2920 De
2241 2851 2487 2919 multis
2522 2874 2702 2941 quae
2739 2851 2917 2919 circa
2954 2851 3366 2919 cubiculum
3410 2850 3745 2919 dominae
3782 2852 4011 2919 stabu-

1343 2959 1488 3025 lant
1541 2960 1934 3048 procedunt
1984 2977 2320 3048 quattuor
2375 2959 2715 3027 candidae
2768 2958 3139 3026 columbae
3199 2977 3264 3025 et
3320 2957 3562 3026 hilaris
3621 2957 4014 3025 incessibus

1345 3065 1526 3156 picta
1590 3066 1787 3133 colla·
1846 3084 2256 3154 torquentes
2339 3065 2587 3154 iugum
2665 3088 3076 3157 gemmeum
3156 3065 3464 3134 subeunt
3550 3085 4014 3156 susceptaque

1343 3172 1636 3241 domina
1718 3173 1934 3241 laetae
2013 3173 2421 3242 subuolant.
2506 3174 2823 3244 Currum
2904 3174 3072 3241 deae
3139 3189 3648 3264 prosequentes
3711 3174 4009 3265 gannitu

1343 3280 1813 3370 constrepenti
1853 3280 2232 3348 lasciuiunt
2270 3304 2585 3371 passeres
2620 3299 2685 3349 et
2719 3300 2983 3349 ceterae
3019 3304 3200 3370 quae
3228 3281 3433 3349 dulce
3468 3282 3808 3350 cantitant
3843 3305 4012 3350 aues

1345 3387 1614 3455 melleis
1680 3388 1990 3455 modulis
2055 3411 2275 3456 suaue
2344 3407 2753 3456 resonantes
2818 3390 3211 3457 aduentum
3276 3389 3444 3456 deae
3517 3388 4001 3478 pronuntiant.

1345 3489 1627 3563 Cedunt
1680 3494 1905 3562 nubes
1950 3517 2017 3561 et
2068 3496 2345 3563 caelum
2411 3496 2592 3563 filiae
2647 3497 2982 3585 panditur
3037 3514 3102 3563 et
3160 3518 3488 3563 summus
3546 3497 3785 3564 aether
3845 3519 4010 3564 cum

1342 3601 1603 3692 gaudio
1654 3600 1946 3691 suscipit
1999 3603 2230 3669 deam.
2290 3605 2437 3673 Nec
2494 3604 2745 3671 obuias
2800 3602 3072 3692 aquilas
3132 3603 3242 3670 uel
3303 3601 3668 3692 accipitres
3729 3626 4012 3693 rapaces

1345 3708 2105 3799 pertirnescit3111agnae
2145 3710 2441 3778 Veneris
2475 3733 2731 3779 canora
2770 3709 3061 3776 familia.

1560 3841 1596 3905 7
1648 3816 1853 3883 Tunc
1919 3839 1989 3883 se
2045 3817 2371 3906 protinus
2435 3818 2520 3884 ad
2590 3816 2784 3884 Iouis
2844 3816 3069 3907 regias
3126 3839 3319 3884 arces
3374 3816 3614 3908 dirigit
3671 3834 3736 3884 et
3788 3816 4004 3907 petitu

1345 3921 1654 4011 superbo
1695 3923 2028 4011 Mercuri,
2066 3924 2174 3991 dei
2217 3924 2507 4006 uocalis,
2546 3946 2801 4013 operae
2840 3923 3305 3991 necessariam
3343 3946 3634 3991 usuram
3677 3924 4005 4013 postulat.

1348 4031 1496 4096 Nec
1527 4028 1809 4097 rennuit
1841 4030 2033 4097 Iouis
2061 4031 2426 4098 caerulum
2456 4030 2941 4120 supercilium.
2973 4033 3180 4099 Tunc
3203 4052 3429 4097 ouans
3454 4030 3612 4097 ilico
3634 4031 4011 4098 comitante

1344 4137 1557 4203 etiam
1613 4136 1971 4204 Mercurio
2024 4139 2267 4204 Venus
2318 4138 2511 4204 caelo
2563 4138 2842 4205 demeat
2894 4137 3100 4226 eique
3153 4137 3445 4204 sollicite
3499 4137 3664 4205 serit
3717 4137 3935 4206 uerba
3990 4164 4004 4204 ε

1339 4245 1609 4311 ‘Frater
1666 4244 1949 4327 Arcadi,
2002 4244 2134 4310 scis
2190 4266 2446 4334 nempe
2498 4267 2816 4313 sororem
2869 4261 3066 4313 tuam
3101 4246 3455 4312 Venerem
3489 4245 3641 4311 sine
3699 4245 4007 4314 Mercuri

1347 4350 1738 4440 praesentia
1796 4350 1893 4417 nil
1949 4373 2271 4440 unquam
2307 4350 2575 4434 fecisse,
2616 4374 2740 4420 nec
2776 4371 2838 4419 te
2884 4351 3213 4442 praeterit
3256 4351 3527 4440 utique,
3567 4370 3834 4441 quanto
3869 4353 4006 4422 iam

1347 4475 1665 4546 tempore
1730 4456 2255 4526 delitescentem
2309 4459 2638 4525 ancillam
2695 4458 3150 4547 nequiuerim
3219 4458 3598 4549 repperire.
3666 4459 3787 4530 Nil
3845 4483 4010 4551 ergo

1347 4581 1667 4654 superest
1709 4587 1924 4653 quam
1975 4584 2095 4632 tuo
2141 4566 2516 4656 praeconio
2569 4565 2969 4655 praemium
3019 4566 3585 4656 inuestigationis
3629 4567 4012 4656 publicitus

1347 4671 1641 4740 edicere.
1685 4673 1823 4739 Fac
1857 4695 2021 4762 ergo
2057 4674 2472 4740 mandatum
2526 4691 2837 4740 matures
2886 4688 3131 4740 meum
3179 4692 3243 4740 et
3292 4671 3577 4755 indicia,
3616 4674 3735 4763 qui
3793 4674 4013 4763 possit

1347 4780 1659 4868 agnosci,
1702 4779 2064 4847 manifeste
2101 4780 2453 4869 designeS‚
2494 4801 2579 4847 ne
2614 4779 2838 4869 siquis
2872 4780 3362 4848 occultationis
3404 4780 3706 4848 inlicitae
3743 4782 4007 4849 crimen

1349 4886 1672 4971 subierit,
1740 4887 2173 4975 ignorantiae
2240 4909 2312 4954 se
2378 4887 2597 4976 possit
2660 4887 3106 4955 excusatione
3169 4888 3592 4956 defendere'.
3656 4889 3743 4956 Et
3798 4888 4009 4956 simul

1347 4992 1588 5060 dicens
1649 4994 1963 5060 libellum
2027 4994 2084 5061 ei
2148 4994 2467 5084 porrigit,
2528 4994 2650 5062 ubi
2712 4995 3021 5084 Psyches
3081 5018 3338 5063 nomen
3399 4995 3894 5063 continebatur
3947 5014 4011 5063 et

1349 5119 1596 5167 cetera.
1638 5101 1809 5188 Quo
1848 5100 2023 5168 facto
2062 5101 2386 5191 protinus
2421 5103 2720 5168 domum
2758 5103 3060 5170 secessit.
