<?xml version="1.0" encoding="UTF-8"?>
<!DOCTYPE html PUBLIC "-//W3C//DTD XHTML 1.0 Transitional//EN"
    "http://www.w3.org/TR/xhtml1/DTD/xhtml1-transitional.dtd">
<html xmlns="http://www.w3.org/1999/xhtml" xml:lang="en" lang="en">
 <head>
  <title>
</title>
<meta http-equiv="Content-Type" content="text/html;charset=utf-8" />
  <meta name='ocr-system' content='tesseract 3.04.00' />
  <meta name='ocr-capabilities' content='ocr_page ocr_carea ocr_par ocr_line ocrx_word'/>
</head>
<body>
  <div class='ocr_page' id='page_1' title='image "apuleidepsychee00weymgoog_0020.png"; bbox 0 0 4492 6475; ppageno 0'>
   <div class='ocr_carea' id='block_1_1' title="bbox 1249 859 1449 922">
    <p class='ocr_par' dir='ltr' id='par_1_1' title="bbox 1249 859 1449 922">
     <span class='ocr_line' id='line_1_1' title="bbox 1249 859 1449 922; baseline -0.005 -36"><span class='ocrx_word' id='word_1_1' title='bbox 1249 859 1449 922; x_wconf 55' lang='lat'>„4-</span> 
     </span>
    </p>
   </div>
   <div class='ocr_carea' id='block_1_2' title="bbox 607 1031 2014 5192">
    <p class='ocr_par' dir='ltr' id='par_1_2' title="bbox 612 1031 2014 2941">
     <span class='ocr_line' id='line_1_2' title="bbox 684 1031 2014 1124; baseline -0.004 -22"><span class='ocrx_word' id='word_1_2' title='bbox 684 1035 842 1124; x_wconf 88' lang='lat' dir='ltr'>Psychen</span> <span class='ocrx_word' id='word_1_3' title='bbox 864 1035 906 1101; x_wconf 91' lang='lat' dir='ltr'>ad</span> <span class='ocrx_word' id='word_1_4' title='bbox 925 1034 1134 1102; x_wconf 89' lang='lat' dir='ltr'>destinatam</span> <span class='ocrx_word' id='word_1_5' title='bbox 1155 1056 1304 1122; x_wconf 88' lang='lat' dir='ltr'>poenam</span> <span class='ocrx_word' id='word_1_6' title='bbox 1328 1031 1548 1123; x_wconf 86' lang='lat' dir='ltr'>efflagitabat.</span> <span class='ocrx_word' id='word_1_7' title='bbox 1576 1031 1744 1100; x_wconf 89' lang='lat' dir='ltr'>Perfectis</span> <span class='ocrx_word' id='word_1_8' title='bbox 1769 1031 1877 1122; x_wconf 79' lang='lat' dir='ltr'>igitur</span> <span class='ocrx_word' id='word_1_9' title='bbox 1898 1031 2014 1100; x_wconf 85' lang='lat' dir='ltr'>feralis</span> 
     </span>
     <span class='ocr_line' id='line_1_3' title="bbox 682 1139 2014 1229; baseline -0.002 -21"><span class='ocrx_word' id='word_1_10' title='bbox 682 1139 826 1208; x_wconf 79' lang='lat' dir='ltr'>thalami</span> <span class='ocrx_word' id='word_1_11' title='bbox 846 1163 927 1208; x_wconf 92' lang='lat' dir='ltr'>cum</span> <span class='ocrx_word' id='word_1_12' title='bbox 945 1163 1087 1208; x_wconf 90' lang='lat' dir='ltr'>summo</span> <span class='ocrx_word' id='word_1_13' title='bbox 1106 1156 1263 1208; x_wconf 87' lang='lat' dir='ltr'>maerore</span> <span class='ocrx_word' id='word_1_14' title='bbox 1282 1139 1514 1229; x_wconf 72' lang='lat' dir='ltr'>sollemnibus</span> <span class='ocrx_word' id='word_1_15' title='bbox 1532 1157 1603 1206; x_wconf 90' lang='lat' dir='ltr'>toto</span> <span class='ocrx_word' id='word_1_16' title='bbox 1625 1158 1860 1228; x_wconf 82' lang='lat' dir='ltr'>prosequente</span> <span class='ocrx_word' id='word_1_17' title='bbox 1883 1139 2014 1229; x_wconf 90' lang='lat' dir='ltr'>populo</span> 
     </span>
     <span class='ocr_line' id='line_1_4' title="bbox 682 1244 2014 1338; baseline -0.002 -24"><span class='ocrx_word' id='word_1_18' title='bbox 682 1247 808 1315; x_wconf 89' lang='lat' dir='ltr'>uiuum</span> <span class='ocrx_word' id='word_1_19' title='bbox 827 1247 1033 1338; x_wconf 82' lang='lat' dir='ltr'>producitur</span> <span class='ocrx_word' id='word_1_20' title='bbox 1049 1246 1169 1328; x_wconf 85' lang='lat' dir='ltr'>sunus,</span> <span class='ocrx_word' id='word_1_21' title='bbox 1189 1266 1220 1314; x_wconf 90' lang='lat' dir='ltr'>et</span> <span class='ocrx_word' id='word_1_22' title='bbox 1238 1246 1420 1313; x_wconf 88' lang='lat' dir='ltr'>lacrimosa</span> <span class='ocrx_word' id='word_1_23' title='bbox 1435 1247 1570 1335; x_wconf 83' lang='lat' dir='ltr'><strong>Psyche</strong></span> <span class='ocrx_word' id='word_1_24' title='bbox 1582 1245 1770 1313; x_wconf 83' lang='lat' dir='ltr'>comitatur</span> <span class='ocrx_word' id='word_1_25' title='bbox 1784 1267 1853 1312; x_wconf 90' lang='lat' dir='ltr'>non</span> <span class='ocrx_word' id='word_1_26' title='bbox 1875 1244 2014 1335; x_wconf 79' lang='lat' dir='ltr'>nuptias</span> 
     </span>
     <span class='ocr_line' id='line_1_5' title="bbox 682 1352 2012 1443; baseline -0.002 -22"><span class='ocrx_word' id='word_1_27' title='bbox 682 1356 741 1422; x_wconf 91' lang='lat' dir='ltr'>sed</span> <span class='ocrx_word' id='word_1_28' title='bbox 760 1354 943 1443; x_wconf 81' lang='lat' dir='ltr'>exsequias</span> <span class='ocrx_word' id='word_1_29' title='bbox 961 1376 1054 1421; x_wconf 90' lang='lat' dir='ltr'>suas.</span> <span class='ocrx_word' id='word_1_30' title='bbox 1074 1358 1125 1422; x_wconf 79' lang='lat' dir='ltr'>Ac</span> <span class='ocrx_word' id='word_1_31' title='bbox 1147 1355 1230 1420; x_wconf 86' lang='lat' dir='ltr'>dunt</span> <span class='ocrx_word' id='word_1_32' title='bbox 1258 1353 1378 1421; x_wconf 89' lang='lat' dir='ltr'>maesti</span> <span class='ocrx_word' id='word_1_33' title='bbox 1406 1369 1569 1442; x_wconf 86' lang='lat' dir='ltr'>parentes</span> <span class='ocrx_word' id='word_1_34' title='bbox 1594 1371 1626 1419; x_wconf 90' lang='lat' dir='ltr'>et</span> <span class='ocrx_word' id='word_1_35' title='bbox 1651 1370 1748 1420; x_wconf 91' lang='lat' dir='ltr'>tanto</span> <span class='ocrx_word' id='word_1_36' title='bbox 1766 1352 1867 1437; x_wconf 26' lang='lat' dir='ltr'>,malo</span> <span class='ocrx_word' id='word_1_37' title='bbox 1893 1352 2012 1441; x_wconf 86' lang='lat' dir='ltr'>perciti</span> 
     </span>
     <span class='ocr_line' id='line_1_6' title="bbox 632 1458 2014 1549; baseline -0.003 -21"><span class='ocrx_word' id='word_1_38' title='bbox 632 1472 650 1536; x_wconf 77' lang='lat'><strong>5</strong></span> <span class='ocrx_word' id='word_1_39' title='bbox 682 1461 856 1529; x_wconf 89' lang='lat' dir='ltr'>nefarium</span> <span class='ocrx_word' id='word_1_40' title='bbox 889 1460 1024 1528; x_wconf 83' lang='lat' dir='ltr'>facinus</span> <span class='ocrx_word' id='word_1_41' title='bbox 1053 1461 1219 1549; x_wconf 87' lang='lat' dir='ltr'>perlicere</span> <span class='ocrx_word' id='word_1_42' title='bbox 1249 1477 1471 1539; x_wconf 78' lang='lat' dir='ltr'>cunctantur,</span> <span class='ocrx_word' id='word_1_43' title='bbox 1502 1458 1577 1549; x_wconf 89' lang='lat' dir='ltr'>ipsa</span> <span class='ocrx_word' id='word_1_44' title='bbox 1607 1459 1665 1526; x_wconf 88' lang='lat' dir='ltr'>illa</span> <span class='ocrx_word' id='word_1_45' title='bbox 1699 1460 1769 1526; x_wconf 87' lang='lat' dir='ltr'>filia</span> <span class='ocrx_word' id='word_1_46' title='bbox 1798 1459 1927 1526; x_wconf 90' lang='lat' dir='ltr'>talibus</span> <span class='ocrx_word' id='word_1_47' title='bbox 1955 1481 2014 1527; x_wconf 90' lang='lat' dir='ltr'>eos</span> 
     </span>
     <span class='ocr_line' id='line_1_7' title="bbox 681 1563 2011 1655; baseline -0.002 -21"><span class='ocrx_word' id='word_1_48' title='bbox 681 1563 888 1636; x_wconf 80' lang='lat' dir='ltr'>adhortatur</span> <span class='ocrx_word' id='word_1_49' title='bbox 903 1567 1070 1635; x_wconf 88' lang='lat' dir='ltr'>uocibus:</span> <span class='ocrx_word' id='word_1_50' title='bbox 1085 1566 1197 1655; x_wconf 82' lang='lat' dir='ltr'>‘Quid</span> <span class='ocrx_word' id='word_1_51' title='bbox 1216 1566 1390 1633; x_wconf 84' lang='lat' dir='ltr'>infelicem</span> <span class='ocrx_word' id='word_1_52' title='bbox 1404 1584 1578 1633; x_wconf 88' lang='lat' dir='ltr'>senectam</span> <span class='ocrx_word' id='word_1_53' title='bbox 1594 1565 1676 1633; x_wconf 90' lang='lat' dir='ltr'>fletu</span> <span class='ocrx_word' id='word_1_54' title='bbox 1687 1566 2011 1633; x_wconf 78' lang='lat' dir='ltr'>diutinocruciatis}</span> 
     </span>
     <span class='ocr_line' id='line_1_8' title="bbox 681 1672 2014 1765; baseline -0.003 -23"><span class='ocrx_word' id='word_1_55' title='bbox 681 1675 766 1764; x_wconf 90' lang='lat' dir='ltr'>quid</span> <span class='ocrx_word' id='word_1_56' title='bbox 797 1674 960 1765; x_wconf 89' lang='lat' dir='ltr'>spiritum</span> <span class='ocrx_word' id='word_1_57' title='bbox 991 1693 1162 1757; x_wconf 88' lang='lat' dir='ltr'>uestrum,</span> <span class='ocrx_word' id='word_1_58' title='bbox 1190 1673 1248 1762; x_wconf 86' lang='lat' dir='ltr'>qui</span> <span class='ocrx_word' id='word_1_59' title='bbox 1281 1672 1393 1763; x_wconf 91' lang='lat' dir='ltr'>magis</span> <span class='ocrx_word' id='word_1_60' title='bbox 1422 1696 1521 1740; x_wconf 90' lang='lat' dir='ltr'>meus</span> <span class='ocrx_word' id='word_1_61' title='bbox 1548 1691 1610 1754; x_wconf 89' lang='lat' dir='ltr'>est,</span> <span class='ocrx_word' id='word_1_62' title='bbox 1637 1672 1770 1741; x_wconf 89' lang='lat' dir='ltr'>crebris</span> <span class='ocrx_word' id='word_1_63' title='bbox 1799 1672 2014 1740; x_wconf 88' lang='lat' dir='ltr'>heiulatibus</span> 
     </span>
     <span class='ocr_line' id='line_1_9' title="bbox 681 1777 2011 1872; baseline -0.002 -24"><span class='ocrx_word' id='word_1_64' title='bbox 681 1781 851 1872; x_wconf 82' lang='lat' dir='ltr'>fatigatis?</span> <span class='ocrx_word' id='word_1_65' title='bbox 870 1782 954 1871; x_wconf 91' lang='lat' dir='ltr'>quid</span> <span class='ocrx_word' id='word_1_66' title='bbox 982 1781 1135 1849; x_wconf 89' lang='lat' dir='ltr'>lacrimis</span> <span class='ocrx_word' id='word_1_67' title='bbox 1158 1779 1395 1847; x_wconf 87' lang='lat' dir='ltr'>inefficacibus</span> <span class='ocrx_word' id='word_1_68' title='bbox 1412 1802 1473 1847; x_wconf 88' lang='lat' dir='ltr'>ora</span> <span class='ocrx_word' id='word_1_69' title='bbox 1500 1780 1585 1847; x_wconf 91' lang='lat' dir='ltr'>mihi</span> <span class='ocrx_word' id='word_1_70' title='bbox 1614 1783 1817 1849; x_wconf 88' lang='lat' dir='ltr'>ueneranda</span> <span class='ocrx_word' id='word_1_71' title='bbox 1843 1777 2011 1848; x_wconf 81' lang='lat' dir='ltr'>foedatis?</span> 
     </span>
     <span class='ocr_line' id='line_1_10' title="bbox 680 1886 2011 1980; baseline -0.004 -23"><span class='ocrx_word' id='word_1_72' title='bbox 680 1890 767 1980; x_wconf 91' lang='lat' dir='ltr'>quid</span> <span class='ocrx_word' id='word_1_73' title='bbox 781 1889 938 1956; x_wconf 89' lang='lat' dir='ltr'>laceratis</span> <span class='ocrx_word' id='word_1_74' title='bbox 952 1888 986 1955; x_wconf 92' lang='lat' dir='ltr'>in</span> <span class='ocrx_word' id='word_1_75' title='bbox 1005 1890 1129 1955; x_wconf 89' lang='lat' dir='ltr'>uestris</span> <span class='ocrx_word' id='word_1_76' title='bbox 1144 1887 1254 1955; x_wconf 89' lang='lat' dir='ltr'>oculis</span> <span class='ocrx_word' id='word_1_77' title='bbox 1274 1910 1351 1955; x_wconf 89' lang='lat' dir='ltr'>mea</span> <span class='ocrx_word' id='word_1_78' title='bbox 1368 1886 1526 1954; x_wconf 79' lang='lat' dir='ltr'>lumina?</span> <span class='ocrx_word' id='word_1_79' title='bbox 1546 1887 1631 1976; x_wconf 90' lang='lat' dir='ltr'>quid</span> <span class='ocrx_word' id='word_1_80' title='bbox 1650 1887 1813 1954; x_wconf 89' lang='lat' dir='ltr'>canitiem</span> <span class='ocrx_word' id='word_1_81' title='bbox 1832 1886 2011 1955; x_wconf 83' lang='lat' dir='ltr'>scinditis?</span> 
     </span>
     <span class='ocr_line' id='line_1_11' title="bbox 613 1994 2012 2089; baseline -0.002 -25"><span class='ocrx_word' id='word_1_82' title='bbox 613 2028 650 2072; x_wconf 81' lang='grc' dir='ltr'>ιο</span> <span class='ocrx_word' id='word_1_83' title='bbox 680 1996 765 2087; x_wconf 91' lang='lat' dir='ltr'>quid</span> <span class='ocrx_word' id='word_1_84' title='bbox 786 2014 939 2086; x_wconf 83' lang='lat' dir='ltr'>pectora,</span> <span class='ocrx_word' id='word_1_85' title='bbox 956 1996 1041 2086; x_wconf 91' lang='lat' dir='ltr'>quid</span> <span class='ocrx_word' id='word_1_86' title='bbox 1060 1995 1169 2062; x_wconf 88' lang='lat' dir='ltr'>ubera</span> <span class='ocrx_word' id='word_1_87' title='bbox 1188 2013 1305 2073; x_wconf 87' lang='lat' dir='ltr'>sancta</span> <span class='ocrx_word' id='word_1_88' title='bbox 1323 1994 1494 2062; x_wconf 78' lang='lat' dir='ltr'>tunditis?</span> <span class='ocrx_word' id='word_1_89' title='bbox 1515 1995 1619 2061; x_wconf 88' lang='lat' dir='ltr'>haece</span> <span class='ocrx_word' id='word_1_90' title='bbox 1637 2012 1719 2061; x_wconf 94' lang='lat' dir='ltr'>sunt</span> <span class='ocrx_word' id='word_1_91' title='bbox 1736 1995 1837 2062; x_wconf 90' lang='lat' dir='ltr'>vobis</span> <span class='ocrx_word' id='word_1_92' title='bbox 1855 1994 2012 2089; x_wconf 83' lang='lat' dir='ltr'>egregiae</span> 
     </span>
     <span class='ocr_line' id='line_1_12' title="bbox 680 2101 2014 2192; baseline -0.001 -22"><span class='ocrx_word' id='word_1_93' title='bbox 680 2102 935 2171; x_wconf 85' lang='lat' dir='ltr'>formonsitatis</span> <span class='ocrx_word' id='word_1_94' title='bbox 954 2125 1051 2171; x_wconf 88' lang='lat' dir='ltr'>meae</span> <span class='ocrx_word' id='word_1_95' title='bbox 1071 2103 1247 2191; x_wconf 90' lang='lat' dir='ltr'>praeclara</span> <span class='ocrx_word' id='word_1_96' title='bbox 1267 2102 1434 2192; x_wconf 88' lang='lat' dir='ltr'>praemia.</span> <span class='ocrx_word' id='word_1_97' title='bbox 1453 2101 1612 2169; x_wconf 88' lang='lat' dir='ltr'>lnuidiae</span> <span class='ocrx_word' id='word_1_98' title='bbox 1630 2101 1781 2169; x_wconf 87' lang='lat' dir='ltr'>nefariae</span> <span class='ocrx_word' id='word_1_99' title='bbox 1801 2101 1893 2169; x_wconf 90' lang='lat' dir='ltr'>letali</span> <span class='ocrx_word' id='word_1_100' title='bbox 1912 2102 2014 2191; x_wconf 82' lang='lat' dir='ltr'>plaga</span> 
     </span>
     <span class='ocr_line' id='line_1_13' title="bbox 681 2207 2014 2301; baseline -0.002 -23"><span class='ocrx_word' id='word_1_101' title='bbox 681 2209 836 2301; x_wconf 89' lang='lat' dir='ltr'>percussi</span> <span class='ocrx_word' id='word_1_102' title='bbox 855 2233 933 2277; x_wconf 91' lang='lat' dir='ltr'>sero</span> <span class='ocrx_word' id='word_1_103' title='bbox 951 2210 1097 2277; x_wconf 87' lang='lat' dir='ltr'>sentitis.</span> <span class='ocrx_word' id='word_1_104' title='bbox 1118 2211 1211 2279; x_wconf 90' lang='lat' dir='ltr'>Cutn</span> <span class='ocrx_word' id='word_1_105' title='bbox 1229 2228 1350 2299; x_wconf 89' lang='lat' dir='ltr'>gentes</span> <span class='ocrx_word' id='word_1_106' title='bbox 1368 2227 1400 2276; x_wconf 91' lang='lat' dir='ltr'>et</span> <span class='ocrx_word' id='word_1_107' title='bbox 1417 2209 1538 2299; x_wconf 89' lang='lat' dir='ltr'>populi</span> <span class='ocrx_word' id='word_1_108' title='bbox 1558 2209 1775 2276; x_wconf 88' lang='lat' dir='ltr'>celebrarent</span> <span class='ocrx_word' id='word_1_109' title='bbox 1799 2232 1864 2275; x_wconf 91' lang='lat' dir='ltr'>nos</span> <span class='ocrx_word' id='word_1_110' title='bbox 1881 2207 2014 2276; x_wconf 90' lang='lat' dir='ltr'>diuinis</span> 
     </span>
     <span class='ocr_line' id='line_1_14' title="bbox 681 2317 2014 2410; baseline -0.002 -25"><span class='ocrx_word' id='word_1_111' title='bbox 681 2317 890 2400; x_wconf 89' lang='lat' dir='ltr'>bonoribus,</span> <span class='ocrx_word' id='word_1_112' title='bbox 905 2340 984 2384; x_wconf 89' lang='lat' dir='ltr'>curn</span> <span class='ocrx_word' id='word_1_113' title='bbox 1001 2340 1132 2385; x_wconf 90' lang='lat' dir='ltr'>nouam</span> <span class='ocrx_word' id='word_1_114' title='bbox 1149 2339 1203 2383; x_wconf 91' lang='lat' dir='ltr'>me</span> <span class='ocrx_word' id='word_1_115' title='bbox 1216 2317 1392 2385; x_wconf 88' lang='lat' dir='ltr'>Venerem</span> <span class='ocrx_word' id='word_1_116' title='bbox 1406 2339 1466 2384; x_wconf 85' lang='lat' dir='ltr'>ore</span> <span class='ocrx_word' id='word_1_117' title='bbox 1480 2339 1638 2410; x_wconf 86' lang='lat' dir='ltr'>consono</span> <span class='ocrx_word' id='word_1_118' title='bbox 1655 2334 1916 2405; x_wconf 89' lang='lat' dir='ltr'>nuncuparent,</span> <span class='ocrx_word' id='word_1_119' title='bbox 1931 2333 2014 2383; x_wconf 90' lang='lat' dir='ltr'>tunc</span> 
     </span>
     <span class='ocr_line' id='line_1_15' title="bbox 680 2423 2010 2514; baseline -0.003 -21"><span class='ocrx_word' id='word_1_120' title='bbox 680 2426 812 2509; x_wconf 89' lang='lat' dir='ltr'>dolere,</span> <span class='ocrx_word' id='word_1_121' title='bbox 831 2443 915 2492; x_wconf 91' lang='lat' dir='ltr'>tunc</span> <span class='ocrx_word' id='word_1_122' title='bbox 937 2424 1033 2506; x_wconf 90' lang='lat' dir='ltr'>flere,</span> <span class='ocrx_word' id='word_1_123' title='bbox 1053 2441 1136 2492; x_wconf 92' lang='lat' dir='ltr'>tunc</span> <span class='ocrx_word' id='word_1_124' title='bbox 1159 2447 1214 2491; x_wconf 91' lang='lat' dir='ltr'>me</span> <span class='ocrx_word' id='word_1_125' title='bbox 1238 2424 1306 2491; x_wconf 88' lang='lat' dir='ltr'>iam</span> <span class='ocrx_word' id='word_1_126' title='bbox 1329 2424 1427 2512; x_wconf 89' lang='lat' dir='ltr'>quasi</span> <span class='ocrx_word' id='word_1_127' title='bbox 1452 2442 1671 2514; x_wconf 89' lang='lat' dir='ltr'>peremptam</span> <span class='ocrx_word' id='word_1_128' title='bbox 1690 2425 1809 2514; x_wconf 88' lang='lat' dir='ltr'>lugere</span> <span class='ocrx_word' id='word_1_129' title='bbox 1827 2423 2010 2491; x_wconf 88' lang='lat' dir='ltr'>debuistis.</span> 
     </span>
     <span class='ocr_line' id='line_1_16' title="bbox 612 2530 2013 2621; baseline -0.003 -21"><span class='ocrx_word' id='word_1_130' title='bbox 612 2542 648 2608; x_wconf 86' lang='lat'>15</span> <span class='ocrx_word' id='word_1_131' title='bbox 682 2533 755 2600; x_wconf 89' lang='lat' dir='ltr'>lam</span> <span class='ocrx_word' id='word_1_132' title='bbox 775 2532 901 2613; x_wconf 88' lang='lat' dir='ltr'>sentio,</span> <span class='ocrx_word' id='word_1_133' title='bbox 921 2532 990 2600; x_wconf 88' lang='lat' dir='ltr'>iant</span> <span class='ocrx_word' id='word_1_134' title='bbox 1009 2530 1114 2599; x_wconf 91' lang='lat' dir='ltr'>uideo</span> <span class='ocrx_word' id='word_1_135' title='bbox 1136 2532 1211 2598; x_wconf 91' lang='lat' dir='ltr'>solo</span> <span class='ocrx_word' id='word_1_136' title='bbox 1234 2553 1290 2598; x_wconf 89' lang='lat' dir='ltr'>me</span> <span class='ocrx_word' id='word_1_137' title='bbox 1312 2531 1457 2598; x_wconf 91' lang='lat' dir='ltr'>nomine</span> <span class='ocrx_word' id='word_1_138' title='bbox 1476 2530 1624 2599; x_wconf 92' lang='lat' dir='ltr'>Veneris</span> <span class='ocrx_word' id='word_1_139' title='bbox 1646 2530 1790 2621; x_wconf 87' lang='lat' dir='ltr'>perisse.</span> <span class='ocrx_word' id='word_1_140' title='bbox 1813 2530 1937 2598; x_wconf 89' lang='lat' dir='ltr'>Ducite</span> <span class='ocrx_word' id='word_1_141' title='bbox 1957 2552 2013 2597; x_wconf 88' lang='lat' dir='ltr'>me</span> 
     </span>
     <span class='ocr_line' id='line_1_17' title="bbox 680 2636 2012 2729; baseline -0.002 -23"><span class='ocrx_word' id='word_1_142' title='bbox 680 2658 713 2706; x_wconf 93' lang='lat' dir='ltr'>et</span> <span class='ocrx_word' id='word_1_143' title='bbox 729 2640 784 2706; x_wconf 91' lang='lat' dir='ltr'>cui</span> <span class='ocrx_word' id='word_1_144' title='bbox 804 2662 879 2706; x_wconf 91' lang='lat' dir='ltr'>sors</span> <span class='ocrx_word' id='word_1_145' title='bbox 892 2638 1025 2706; x_wconf 77' lang='lat' dir='ltr'>addixit</span> <span class='ocrx_word' id='word_1_146' title='bbox 1043 2639 1188 2729; x_wconf 90' lang='lat' dir='ltr'>scopulo</span> <span class='ocrx_word' id='word_1_147' title='bbox 1206 2637 1328 2706; x_wconf 89' lang='lat' dir='ltr'>sistite.</span> <span class='ocrx_word' id='word_1_148' title='bbox 1346 2638 1489 2706; x_wconf 88' lang='lat' dir='ltr'>Festino</span> <span class='ocrx_word' id='word_1_149' title='bbox 1506 2638 1622 2705; x_wconf 82' lang='lat' dir='ltr'>felices</span> <span class='ocrx_word' id='word_1_150' title='bbox 1640 2637 1723 2705; x_wconf 89' lang='lat' dir='ltr'>istas</span> <span class='ocrx_word' id='word_1_151' title='bbox 1741 2637 1883 2727; x_wconf 91' lang='lat' dir='ltr'>nuptias</span> <span class='ocrx_word' id='word_1_152' title='bbox 1900 2636 2012 2717; x_wconf 88' lang='lat' dir='ltr'>obire,</span> 
     </span>
     <span class='ocr_line' id='line_1_18' title="bbox 680 2742 2011 2836; baseline -0.003 -23"><span class='ocrx_word' id='word_1_153' title='bbox 680 2746 807 2813; x_wconf 83' lang='lat' dir='ltr'>festino</span> <span class='ocrx_word' id='word_1_154' title='bbox 823 2767 1035 2836; x_wconf 86' lang='lat' dir='ltr'>generosum</span> <span class='ocrx_word' id='word_1_155' title='bbox 1055 2745 1154 2812; x_wconf 90' lang='lat' dir='ltr'>illum</span> <span class='ocrx_word' id='word_1_156' title='bbox 1175 2745 1340 2813; x_wconf 90' lang='lat' dir='ltr'>maritum</span> <span class='ocrx_word' id='word_1_157' title='bbox 1360 2767 1477 2813; x_wconf 89' lang='lat' dir='ltr'>meum</span> <span class='ocrx_word' id='word_1_158' title='bbox 1498 2745 1630 2812; x_wconf 87' lang='lat' dir='ltr'>uidere.</span> <span class='ocrx_word' id='word_1_159' title='bbox 1651 2744 1751 2833; x_wconf 91' lang='lat' dir='ltr'>Quid</span> <span class='ocrx_word' id='word_1_160' title='bbox 1770 2744 1908 2824; x_wconf 86' lang='lat' dir='ltr'>differo,</span> <span class='ocrx_word' id='word_1_161' title='bbox 1927 2742 2011 2832; x_wconf 91' lang='lat' dir='ltr'>quid</span> 
     </span>
     <span class='ocr_line' id='line_1_19' title="bbox 679 2851 1843 2941; baseline -0.003 -21"><span class='ocrx_word' id='word_1_162' title='bbox 679 2854 832 2920; x_wconf 89' lang='lat' dir='ltr'>detrecto</span> <span class='ocrx_word' id='word_1_163' title='bbox 851 2852 1065 2934; x_wconf 87' lang='lat' dir='ltr'>uenientem,</span> <span class='ocrx_word' id='word_1_164' title='bbox 1084 2852 1146 2941; x_wconf 90' lang='lat' dir='ltr'>qui</span> <span class='ocrx_word' id='word_1_165' title='bbox 1164 2851 1302 2919; x_wconf 89' lang='lat' dir='ltr'>deuotis</span> <span class='ocrx_word' id='word_1_166' title='bbox 1319 2869 1352 2919; x_wconf 91' lang='lat' dir='ltr'>et</span> <span class='ocrx_word' id='word_1_167' title='bbox 1369 2852 1501 2919; x_wconf 89' lang='lat' dir='ltr'>orbatis</span> <span class='ocrx_word' id='word_1_168' title='bbox 1519 2851 1625 2919; x_wconf 89' lang='lat' dir='ltr'>exitio</span> <span class='ocrx_word' id='word_1_169' title='bbox 1644 2870 1745 2919; x_wconf 90' lang='lat' dir='ltr'>natus</span> <span class='ocrx_word' id='word_1_170' title='bbox 1762 2852 1843 2918; x_wconf 80' lang='lat' dir='ltr'>est’?</span> 
     </span>
    </p>

    <p class='ocr_par' dir='ltr' id='par_1_3' title="bbox 789 2957 2013 3050">
     <span class='ocr_line' id='line_1_20' title="bbox 789 2957 2013 3050; baseline -0.003 -24"><span class='ocrx_word' id='word_1_171' title='bbox 789 2960 830 3027; x_wconf 83' lang='lat'>35</span> <span class='ocrx_word' id='word_1_172' title='bbox 858 2959 916 3031; x_wconf 80' lang='lat' dir='ltr'>Sic</span> <span class='ocrx_word' id='word_1_173' title='bbox 935 2958 1069 3048; x_wconf 85' lang='lat' dir='ltr'>profata</span> <span class='ocrx_word' id='word_1_174' title='bbox 1088 2957 1190 3049; x_wconf 89' lang='lat' dir='ltr'>uirgo</span> <span class='ocrx_word' id='word_1_175' title='bbox 1203 2958 1370 3027; x_wconf 89' lang='lat' dir='ltr'>conticuit</span> <span class='ocrx_word' id='word_1_176' title='bbox 1389 2958 1708 3050; x_wconf 81' lang='lat' dir='ltr'>ingressuqueiam</span> <span class='ocrx_word' id='word_1_177' title='bbox 1725 2958 1843 3026; x_wconf 88' lang='lat' dir='ltr'>ualido</span> <span class='ocrx_word' id='word_1_178' title='bbox 1862 2979 2013 3046; x_wconf 90' lang='lat' dir='ltr'>pompae</span> 
     </span>
    </p>

    <p class='ocr_par' dir='ltr' id='par_1_4' title="bbox 608 3064 2012 3371">
     <span class='ocr_line' id='line_1_21' title="bbox 608 3064 2010 3156; baseline -0.001 -23"><span class='ocrx_word' id='word_1_179' title='bbox 608 3096 650 3142; x_wconf 79' lang='lat'>20</span> <span class='ocrx_word' id='word_1_180' title='bbox 681 3067 802 3156; x_wconf 89' lang='lat' dir='ltr'>populi</span> <span class='ocrx_word' id='word_1_181' title='bbox 835 3066 1080 3156; x_wconf 89' lang='lat' dir='ltr'>prosequentis</span> <span class='ocrx_word' id='word_1_182' title='bbox 1109 3089 1184 3132; x_wconf 89' lang='lat' dir='ltr'>sese</span> <span class='ocrx_word' id='word_1_183' title='bbox 1211 3065 1364 3132; x_wconf 89' lang='lat' dir='ltr'>miscuit.</span> <span class='ocrx_word' id='word_1_184' title='bbox 1394 3066 1469 3133; x_wconf 86' lang='lat' dir='ltr'>ltur</span> <span class='ocrx_word' id='word_1_185' title='bbox 1495 3068 1538 3133; x_wconf 91' lang='lat' dir='ltr'>ad</span> <span class='ocrx_word' id='word_1_186' title='bbox 1566 3066 1795 3134; x_wconf 89' lang='lat' dir='ltr'>constitutum</span> <span class='ocrx_word' id='word_1_187' title='bbox 1826 3064 2010 3155; x_wconf 89' lang='lat' dir='ltr'>scopulum</span> 
     </span>
     <span class='ocr_line' id='line_1_22' title="bbox 681 3172 2009 3264; baseline -0.001 -22"><span class='ocrx_word' id='word_1_188' title='bbox 681 3172 811 3242; x_wconf 93' lang='lat' dir='ltr'>montis</span> <span class='ocrx_word' id='word_1_189' title='bbox 836 3173 951 3255; x_wconf 84' lang='lat' dir='ltr'>ardui,</span> <span class='ocrx_word' id='word_1_190' title='bbox 970 3173 1071 3241; x_wconf 90' lang='lat' dir='ltr'>cuius</span> <span class='ocrx_word' id='word_1_191' title='bbox 1097 3172 1132 3240; x_wconf 93' lang='lat' dir='ltr'>in</span> <span class='ocrx_word' id='word_1_192' title='bbox 1159 3195 1300 3240; x_wconf 88' lang='lat' dir='ltr'>summo</span> <span class='ocrx_word' id='word_1_193' title='bbox 1324 3173 1506 3240; x_wconf 88' lang='lat' dir='ltr'>cacumine</span> <span class='ocrx_word' id='word_1_194' title='bbox 1532 3190 1694 3241; x_wconf 89' lang='lat' dir='ltr'>statutam</span> <span class='ocrx_word' id='word_1_195' title='bbox 1724 3174 1877 3264; x_wconf 89' lang='lat' dir='ltr'>puellam</span> <span class='ocrx_word' id='word_1_196' title='bbox 1896 3175 2009 3243; x_wconf 92' lang='lat' dir='ltr'>cuncti</span> 
     </span>
     <span class='ocr_line' id='line_1_23' title="bbox 681 3280 2012 3371; baseline -0.001 -23"><span class='ocrx_word' id='word_1_197' title='bbox 681 3283 846 3349; x_wconf 87' lang='lat' dir='ltr'>deserunt</span> <span class='ocrx_word' id='word_1_198' title='bbox 868 3282 1057 3370; x_wconf 89' lang='lat' dir='ltr'>taedasque</span> <span class='ocrx_word' id='word_1_199' title='bbox 1080 3280 1255 3370; x_wconf 84' lang='lat' dir='ltr'>nuptiales</span> <span class='ocrx_word' id='word_1_200' title='bbox 1277 3280 1407 3371; x_wconf 91' lang='lat' dir='ltr'>quibus</span> <span class='ocrx_word' id='word_1_201' title='bbox 1430 3283 1675 3368; x_wconf 78' lang='lat' dir='ltr'>praeluxerunt</span> <span class='ocrx_word' id='word_1_202' title='bbox 1699 3281 1830 3351; x_wconf 90' lang='lat' dir='ltr'>ibidem</span> <span class='ocrx_word' id='word_1_203' title='bbox 1859 3283 2012 3350; x_wconf 86' lang='lat' dir='ltr'>lacrimis</span> 
     </span>
    </p>

    <p class='ocr_par' dir='ltr' id='par_1_5' title="bbox 665 3387 2008 3486">
     <span class='ocr_line' id='line_1_24' title="bbox 665 3387 2008 3486; baseline 0.001 -31"><span class='ocrx_word' id='word_1_204' title='bbox 665 3388 754 3486; x_wconf 55' lang='lat' dir='ltr'>‚suis</span> <span class='ocrx_word' id='word_1_205' title='bbox 775 3387 943 3456; x_wconf 88' lang='lat' dir='ltr'>extinctas</span> <span class='ocrx_word' id='word_1_206' title='bbox 965 3388 1206 3477; x_wconf 88' lang='lat' dir='ltr'>relinquentes</span> <span class='ocrx_word' id='word_1_207' title='bbox 1227 3387 1371 3456; x_wconf 88' lang='lat' dir='ltr'>deiectis</span> <span class='ocrx_word' id='word_1_208' title='bbox 1393 3388 1568 3476; x_wconf 89' lang='lat' dir='ltr'>capitibus</span> <span class='ocrx_word' id='word_1_209' title='bbox 1591 3388 1848 3480; x_wconf 89' lang='lat' dir='ltr'>domuitionem</span> <span class='ocrx_word' id='word_1_210' title='bbox 1873 3408 2008 3479; x_wconf 88' lang='lat' dir='ltr'>parant.</span> 
     </span>
    </p>

    <p class='ocr_par' dir='ltr' id='par_1_6' title="bbox 683 3495 2011 3585">
     <span class='ocr_line' id='line_1_25' title="bbox 683 3495 2011 3585; baseline 0 -22"><span class='ocrx_word' id='word_1_211' title='bbox 683 3498 725 3564; x_wconf 85' lang='lat' dir='ltr'>Et</span> <span class='ocrx_word' id='word_1_212' title='bbox 748 3496 866 3563; x_wconf 91' lang='lat' dir='ltr'>miseri</span> <span class='ocrx_word' id='word_1_213' title='bbox 891 3496 1034 3585; x_wconf 90' lang='lat' dir='ltr'>quidem</span> <span class='ocrx_word' id='word_1_214' title='bbox 1057 3513 1219 3584; x_wconf 89' lang='lat' dir='ltr'>parentes</span> <span class='ocrx_word' id='word_1_215' title='bbox 1241 3495 1317 3561; x_wconf 89' lang='lat' dir='ltr'>eius</span> <span class='ocrx_word' id='word_1_216' title='bbox 1339 3513 1432 3561; x_wconf 88' lang='lat' dir='ltr'>tanta</span> <span class='ocrx_word' id='word_1_217' title='bbox 1456 3495 1553 3563; x_wconf 90' lang='lat' dir='ltr'>clade</span> <span class='ocrx_word' id='word_1_218' title='bbox 1569 3495 1709 3576; x_wconf 75' lang='lat' dir='ltr'>defessi,</span> <span class='ocrx_word' id='word_1_219' title='bbox 1729 3498 1865 3563; x_wconf 90' lang='lat' dir='ltr'>clausae</span> <span class='ocrx_word' id='word_1_220' title='bbox 1884 3498 2011 3564; x_wconf 91' lang='lat' dir='ltr'>domus</span> 
     </span>
    </p>

    <p class='ocr_par' dir='ltr' id='par_1_7' title="bbox 607 3602 2012 4122">
     <span class='ocr_line' id='line_1_26' title="bbox 607 3602 2009 3692; baseline 0 -22"><span class='ocrx_word' id='word_1_221' title='bbox 607 3614 648 3678; x_wconf 79' lang='lat'>25</span> <span class='ocrx_word' id='word_1_222' title='bbox 680 3602 832 3671; x_wconf 91' lang='lat' dir='ltr'>abstrusi</span> <span class='ocrx_word' id='word_1_223' title='bbox 861 3602 1015 3670; x_wconf 89' lang='lat' dir='ltr'>tenebris</span> <span class='ocrx_word' id='word_1_224' title='bbox 1044 3620 1233 3692; x_wconf 85' lang='lat' dir='ltr'>perpetuae</span> <span class='ocrx_word' id='word_1_225' title='bbox 1267 3602 1358 3669; x_wconf 88' lang='lat' dir='ltr'>nocti</span> <span class='ocrx_word' id='word_1_226' title='bbox 1389 3625 1463 3668; x_wconf 86' lang='lat' dir='ltr'>sese</span> <span class='ocrx_word' id='word_1_227' title='bbox 1492 3602 1669 3670; x_wconf 88' lang='lat' dir='ltr'>dedidere.</span> <span class='ocrx_word' id='word_1_228' title='bbox 1702 3604 1863 3692; x_wconf 80' lang='lat' dir='ltr'>Psychen</span> <span class='ocrx_word' id='word_1_229' title='bbox 1895 3623 2009 3670; x_wconf 89' lang='lat' dir='ltr'>autem</span> 
     </span>
     <span class='ocr_line' id='line_1_27' title="bbox 681 3708 2011 3800; baseline 0 -24"><span class='ocrx_word' id='word_1_230' title='bbox 681 3727 870 3800; x_wconf 89' lang='lat' dir='ltr'>pauentem</span> <span class='ocrx_word' id='word_1_231' title='bbox 896 3732 934 3776; x_wconf 91' lang='lat' dir='ltr'>ac</span> <span class='ocrx_word' id='word_1_232' title='bbox 951 3709 1185 3798; x_wconf 88' lang='lat' dir='ltr'>trepidantem</span> <span class='ocrx_word' id='word_1_233' title='bbox 1205 3709 1290 3776; x_wconf 89' lang='lat' dir='ltr'>etin</span> <span class='ocrx_word' id='word_1_234' title='bbox 1311 3709 1388 3798; x_wconf 91' lang='lat' dir='ltr'>ipso</span> <span class='ocrx_word' id='word_1_235' title='bbox 1406 3708 1540 3798; x_wconf 89' lang='lat' dir='ltr'>scopuli</span> <span class='ocrx_word' id='word_1_236' title='bbox 1561 3710 1689 3776; x_wconf 88' lang='lat' dir='ltr'>uertice</span> <span class='ocrx_word' id='word_1_237' title='bbox 1712 3710 1898 3778; x_wconf 84' lang='lat' dir='ltr'>deflentem</span> <span class='ocrx_word' id='word_1_238' title='bbox 1918 3710 2011 3777; x_wconf 90' lang='lat' dir='ltr'>mitis</span> 
     </span>
     <span class='ocr_line' id='line_1_28' title="bbox 680 3815 2011 3905; baseline -0.002 -20"><span class='ocrx_word' id='word_1_239' title='bbox 680 3840 764 3885; x_wconf 90' lang='lat' dir='ltr'>aura</span> <span class='ocrx_word' id='word_1_240' title='bbox 782 3816 935 3884; x_wconf 91' lang='lat' dir='ltr'>molliter</span> <span class='ocrx_word' id='word_1_241' title='bbox 952 3815 1119 3905; x_wconf 87' lang='lat' dir='ltr'>spirantis</span> <span class='ocrx_word' id='word_1_242' title='bbox 1136 3815 1303 3905; x_wconf 72' lang='lat' dir='ltr'>Zephyri,</span> <span class='ocrx_word' id='word_1_243' title='bbox 1321 3815 1468 3883; x_wconf 88' lang='lat' dir='ltr'>uibratis</span> <span class='ocrx_word' id='word_1_244' title='bbox 1487 3816 1568 3883; x_wconf 91' lang='lat' dir='ltr'>hinc</span> <span class='ocrx_word' id='word_1_245' title='bbox 1587 3816 1668 3884; x_wconf 92' lang='lat' dir='ltr'>inde</span> <span class='ocrx_word' id='word_1_246' title='bbox 1688 3816 1823 3884; x_wconf 89' lang='lat' dir='ltr'>laciniis</span> <span class='ocrx_word' id='word_1_247' title='bbox 1841 3835 1873 3884; x_wconf 89' lang='lat' dir='ltr'>et</span> <span class='ocrx_word' id='word_1_248' title='bbox 1892 3818 2011 3885; x_wconf 88' lang='lat' dir='ltr'>reflato</span> 
     </span>
     <span class='ocr_line' id='line_1_29' title="bbox 680 3922 2012 4013; baseline -0.001 -22"><span class='ocrx_word' id='word_1_249' title='bbox 680 3924 760 3991; x_wconf 90' lang='lat' dir='ltr'>sinu</span> <span class='ocrx_word' id='word_1_250' title='bbox 790 3923 920 3990; x_wconf 88' lang='lat' dir='ltr'>sensim</span> <span class='ocrx_word' id='word_1_251' title='bbox 950 3923 1100 3989; x_wconf 88' lang='lat' dir='ltr'>leuatam</span> <span class='ocrx_word' id='word_1_252' title='bbox 1130 3946 1194 3989; x_wconf 92' lang='lat' dir='ltr'>suo</span> <span class='ocrx_word' id='word_1_253' title='bbox 1220 3922 1412 4011; x_wconf 90' lang='lat' dir='ltr'>tranquillo</span> <span class='ocrx_word' id='word_1_254' title='bbox 1439 3923 1564 4011; x_wconf 90' lang='lat' dir='ltr'>spiritu</span> <span class='ocrx_word' id='word_1_255' title='bbox 1593 3924 1727 3991; x_wconf 89' lang='lat' dir='ltr'>uehens</span> <span class='ocrx_word' id='word_1_256' title='bbox 1754 3923 1923 4012; x_wconf 88' lang='lat' dir='ltr'>paulatim</span> <span class='ocrx_word' id='word_1_257' title='bbox 1952 3946 2012 4013; x_wconf 91' lang='lat' dir='ltr'>per</span> 
     </span>
     <span class='ocr_line' id='line_1_30' title="bbox 680 4029 2011 4122; baseline -0.002 -23"><span class='ocrx_word' id='word_1_258' title='bbox 680 4033 812 4099; x_wconf 89' lang='lat' dir='ltr'>deuexa</span> <span class='ocrx_word' id='word_1_259' title='bbox 846 4029 943 4120; x_wconf 87' lang='lat' dir='ltr'>rupis</span> <span class='ocrx_word' id='word_1_260' title='bbox 975 4030 1143 4111; x_wconf 76' lang='lat' dir='ltr'>excelsae,</span> <span class='ocrx_word' id='word_1_261' title='bbox 1175 4030 1276 4096; x_wconf 89' lang='lat' dir='ltr'>uallis</span> <span class='ocrx_word' id='word_1_262' title='bbox 1319 4029 1480 4097; x_wconf 90' lang='lat' dir='ltr'>subditae</span> <span class='ocrx_word' id='word_1_263' title='bbox 1514 4031 1670 4098; x_wconf 88' lang='lat' dir='ltr'>florentis</span> <span class='ocrx_word' id='word_1_264' title='bbox 1704 4031 1846 4121; x_wconf 88' lang='lat' dir='ltr'>cespitis</span> <span class='ocrx_word' id='word_1_265' title='bbox 1878 4031 2011 4122; x_wconf 85' lang='lat' dir='ltr'>grentio</span> 
     </span>
    </p>

    <p class='ocr_par' dir='ltr' id='par_1_8' title="bbox 608 4136 1174 4226">
     <span class='ocr_line' id='line_1_31' title="bbox 608 4136 1174 4226; baseline -0.005 -21"><span class='ocrx_word' id='word_1_266' title='bbox 608 4148 650 4215; x_wconf 80' lang='lat'>30</span> <span class='ocrx_word' id='word_1_267' title='bbox 681 4138 804 4206; x_wconf 88' lang='lat' dir='ltr'>leniter</span> <span class='ocrx_word' id='word_1_268' title='bbox 821 4138 999 4226; x_wconf 90' lang='lat' dir='ltr'>delapsam</span> <span class='ocrx_word' id='word_1_269' title='bbox 1020 4136 1174 4204; x_wconf 86' lang='lat' dir='ltr'>reclinat.</span> 
     </span>
    </p>

    <p class='ocr_par' dir='ltr' id='par_1_9' title="bbox 680 4243 2012 4657">
     <span class='ocr_line' id='line_1_32' title="bbox 787 4243 2011 4335; baseline 0.002 -26"><span class='ocrx_word' id='word_1_270' title='bbox 787 4246 817 4309; x_wconf 92' lang='lat' dir='ltr'>V</span> <span class='ocrx_word' id='word_1_271' title='bbox 833 4268 841 4309; x_wconf 89' lang='lat' dir='ltr'>r</span> <span class='ocrx_word' id='word_1_272' title='bbox 859 4244 995 4333; x_wconf 77' lang='lat' dir='ltr'>Psyche</span> <span class='ocrx_word' id='word_1_273' title='bbox 1008 4244 1138 4311; x_wconf 86' lang='lat' dir='ltr'>teneris</span> <span class='ocrx_word' id='word_1_274' title='bbox 1150 4262 1182 4310; x_wconf 88' lang='lat' dir='ltr'>et</span> <span class='ocrx_word' id='word_1_275' title='bbox 1194 4244 1355 4311; x_wconf 86' lang='lat' dir='ltr'>herbosis</span> <span class='ocrx_word' id='word_1_276' title='bbox 1370 4244 1454 4311; x_wconf 90' lang='lat' dir='ltr'>locis</span> <span class='ocrx_word' id='word_1_277' title='bbox 1471 4244 1505 4311; x_wconf 93' lang='lat' dir='ltr'>in</span> <span class='ocrx_word' id='word_1_278' title='bbox 1521 4245 1598 4335; x_wconf 89' lang='lat' dir='ltr'>ipso</span> <span class='ocrx_word' id='word_1_279' title='bbox 1612 4264 1689 4312; x_wconf 91' lang='lat' dir='ltr'>toro</span> <span class='ocrx_word' id='word_1_280' title='bbox 1701 4243 1827 4313; x_wconf 91' lang='lat' dir='ltr'>roscidi</span> <span class='ocrx_word' id='word_1_281' title='bbox 1842 4245 2011 4335; x_wconf 89' lang='lat' dir='ltr'>graminis</span> 
     </span>
     <span class='ocr_line' id='line_1_33' title="bbox 680 4351 2009 4441; baseline -0.001 -22"><span class='ocrx_word' id='word_1_282' title='bbox 680 4376 789 4420; x_wconf 89' lang='lat' dir='ltr'>suaue</span> <span class='ocrx_word' id='word_1_283' title='bbox 808 4351 980 4418; x_wconf 87' lang='lat' dir='ltr'>recubans</span> <span class='ocrx_word' id='word_1_284' title='bbox 997 4369 1092 4419; x_wconf 89' lang='lat' dir='ltr'>tanta</span> <span class='ocrx_word' id='word_1_285' title='bbox 1113 4351 1239 4419; x_wconf 89' lang='lat' dir='ltr'>mentis</span> <span class='ocrx_word' id='word_1_286' title='bbox 1257 4352 1521 4441; x_wconf 90' lang='lat' dir='ltr'>perturbatione</span> <span class='ocrx_word' id='word_1_287' title='bbox 1539 4354 1657 4420; x_wconf 87' lang='lat' dir='ltr'>sedata</span> <span class='ocrx_word' id='word_1_288' title='bbox 1675 4354 1776 4420; x_wconf 86' lang='lat' dir='ltr'>dulce</span> <span class='ocrx_word' id='word_1_289' title='bbox 1794 4353 2009 4441; x_wconf 88' lang='lat' dir='ltr'>conquieuit.</span> 
     </span>
     <span class='ocr_line' id='line_1_34' title="bbox 681 4458 2012 4551; baseline 0 -25"><span class='ocrx_word' id='word_1_290' title='bbox 681 4459 829 4548; x_wconf 88' lang='lat' dir='ltr'>lamque</span> <span class='ocrx_word' id='word_1_291' title='bbox 856 4458 1040 4527; x_wconf 87' lang='lat' dir='ltr'>sufficienti</span> <span class='ocrx_word' id='word_1_292' title='bbox 1073 4476 1224 4527; x_wconf 88' lang='lat' dir='ltr'>recreata</span> <span class='ocrx_word' id='word_1_293' title='bbox 1254 4482 1380 4527; x_wconf 89' lang='lat' dir='ltr'>somno</span> <span class='ocrx_word' id='word_1_294' title='bbox 1404 4459 1542 4548; x_wconf 89' lang='lat' dir='ltr'>placido</span> <span class='ocrx_word' id='word_1_295' title='bbox 1568 4460 1718 4551; x_wconf 89' lang='lat' dir='ltr'>resurgit</span> <span class='ocrx_word' id='word_1_296' title='bbox 1749 4460 1882 4527; x_wconf 88' lang='lat' dir='ltr'>animo.</span> <span class='ocrx_word' id='word_1_297' title='bbox 1910 4460 2012 4527; x_wconf 91' lang='lat' dir='ltr'>Videt</span> 
     </span>
     <span class='ocr_line' id='line_1_35' title="bbox 682 4566 2012 4657; baseline -0.001 -24"><span class='ocrx_word' id='word_1_298' title='bbox 682 4568 799 4635; x_wconf 89' lang='lat' dir='ltr'>lucum</span> <span class='ocrx_word' id='word_1_299' title='bbox 826 4566 981 4657; x_wconf 90' lang='lat' dir='ltr'>proceris</span> <span class='ocrx_word' id='word_1_300' title='bbox 1004 4585 1036 4634; x_wconf 89' lang='lat' dir='ltr'>et</span> <span class='ocrx_word' id='word_1_301' title='bbox 1056 4567 1163 4634; x_wconf 90' lang='lat' dir='ltr'>uastis</span> <span class='ocrx_word' id='word_1_302' title='bbox 1190 4566 1378 4634; x_wconf 88' lang='lat' dir='ltr'>arboribus</span> <span class='ocrx_word' id='word_1_303' title='bbox 1404 4568 1595 4647; x_wconf 87' lang='lat' dir='ltr'>consitum,</span> <span class='ocrx_word' id='word_1_304' title='bbox 1620 4567 1715 4634; x_wconf 90' lang='lat' dir='ltr'>uidet</span> <span class='ocrx_word' id='word_1_305' title='bbox 1739 4567 1872 4634; x_wconf 89' lang='lat' dir='ltr'>fontem</span> <span class='ocrx_word' id='word_1_306' title='bbox 1901 4566 2012 4634; x_wconf 90' lang='lat' dir='ltr'>uitreo</span> 
     </span>
    </p>

    <p class='ocr_par' dir='ltr' id='par_1_10' title="bbox 609 4674 2012 5192">
     <span class='ocr_line' id='line_1_36' title="bbox 609 4674 2010 4763; baseline -0.001 -23"><span class='ocrx_word' id='word_1_307' title='bbox 609 4682 649 4750; x_wconf 82' lang='lat'>35</span> <span class='ocrx_word' id='word_1_308' title='bbox 682 4675 782 4741; x_wconf 90' lang='lat' dir='ltr'>latice</span> <span class='ocrx_word' id='word_1_309' title='bbox 809 4674 1029 4763; x_wconf 87' lang='lat' dir='ltr'>perlucidum</span> <span class='ocrx_word' id='word_1_310' title='bbox 1061 4675 1178 4742; x_wconf 91' lang='lat' dir='ltr'>medio</span> <span class='ocrx_word' id='word_1_311' title='bbox 1208 4674 1275 4741; x_wconf 89' lang='lat' dir='ltr'>luci</span> <span class='ocrx_word' id='word_1_312' title='bbox 1308 4674 1515 4742; x_wconf 88' lang='lat' dir='ltr'>meditullio.</span> <span class='ocrx_word' id='word_1_313' title='bbox 1549 4675 1664 4763; x_wconf 89' lang='lat' dir='ltr'>Prope</span> <span class='ocrx_word' id='word_1_314' title='bbox 1694 4674 1800 4742; x_wconf 88' lang='lat' dir='ltr'>fontis</span> <span class='ocrx_word' id='word_1_315' title='bbox 1828 4675 2010 4763; x_wconf 85' lang='lat' dir='ltr'>adlapsam</span> 
     </span>
     <span class='ocr_line' id='line_1_37' title="bbox 681 4780 2009 4871; baseline -0.002 -23"><span class='ocrx_word' id='word_1_316' title='bbox 681 4782 809 4848; x_wconf 89' lang='lat' dir='ltr'>domus</span> <span class='ocrx_word' id='word_1_317' title='bbox 821 4780 914 4871; x_wconf 90' lang='lat' dir='ltr'>regia</span> <span class='ocrx_word' id='word_1_318' title='bbox 928 4799 991 4862; x_wconf 90' lang='lat' dir='ltr'>est,</span> <span class='ocrx_word' id='word_1_319' title='bbox 1007 4781 1185 4848; x_wconf 87' lang='lat' dir='ltr'>aedificata</span> <span class='ocrx_word' id='word_1_320' title='bbox 1198 4804 1268 4847; x_wconf 92' lang='lat' dir='ltr'>non</span> <span class='ocrx_word' id='word_1_321' title='bbox 1286 4782 1452 4849; x_wconf 89' lang='lat' dir='ltr'>humanis</span> <span class='ocrx_word' id='word_1_322' title='bbox 1467 4782 1631 4848; x_wconf 90' lang='lat' dir='ltr'>manibus</span> <span class='ocrx_word' id='word_1_323' title='bbox 1645 4783 1704 4849; x_wconf 90' lang='lat' dir='ltr'>sed</span> <span class='ocrx_word' id='word_1_324' title='bbox 1716 4781 1849 4850; x_wconf 89' lang='lat' dir='ltr'>diuinis</span> <span class='ocrx_word' id='word_1_325' title='bbox 1863 4781 2009 4848; x_wconf 90' lang='lat' dir='ltr'>artibus.</span> 
     </span>
     <span class='ocr_line' id='line_1_38' title="bbox 683 4888 2010 4978; baseline -0.001 -23"><span class='ocrx_word' id='word_1_326' title='bbox 683 4888 757 4955; x_wconf 91' lang='lat' dir='ltr'>lam</span> <span class='ocrx_word' id='word_1_327' title='bbox 776 4889 864 4955; x_wconf 91' lang='lat' dir='ltr'>scies</span> <span class='ocrx_word' id='word_1_328' title='bbox 881 4890 925 4955; x_wconf 89' lang='lat' dir='ltr'>ab</span> <span class='ocrx_word' id='word_1_329' title='bbox 944 4888 1088 4957; x_wconf 87' lang='lat' dir='ltr'>introitu</span> <span class='ocrx_word' id='word_1_330' title='bbox 1108 4889 1224 4978; x_wconf 90' lang='lat' dir='ltr'>primo</span> <span class='ocrx_word' id='word_1_331' title='bbox 1241 4888 1295 4954; x_wconf 85' lang='lat' dir='ltr'>dei</span> <span class='ocrx_word' id='word_1_332' title='bbox 1315 4888 1512 4977; x_wconf 88' lang='lat' dir='ltr'>cuiuspiam</span> <span class='ocrx_word' id='word_1_333' title='bbox 1534 4890 1749 4956; x_wconf 90' lang='lat' dir='ltr'>luculentum</span> <span class='ocrx_word' id='word_1_334' title='bbox 1768 4908 1801 4955; x_wconf 93' lang='lat' dir='ltr'>et</span> <span class='ocrx_word' id='word_1_335' title='bbox 1821 4910 2010 4955; x_wconf 89' lang='lat' dir='ltr'>amoenum</span> 
     </span>
     <span class='ocr_line' id='line_1_39' title="bbox 682 4995 2012 5086; baseline -0.002 -24"><span class='ocrx_word' id='word_1_336' title='bbox 682 4995 803 5063; x_wconf 90' lang='lat' dir='ltr'>uidere</span> <span class='ocrx_word' id='word_1_337' title='bbox 821 5014 853 5062; x_wconf 88' lang='lat' dir='ltr'>te</span> <span class='ocrx_word' id='word_1_338' title='bbox 870 4995 1120 5063; x_wconf 90' lang='lat' dir='ltr'>diuersorium.</span> <span class='ocrx_word' id='word_1_339' title='bbox 1144 4997 1235 5062; x_wconf 90' lang='lat' dir='ltr'>Nam</span> <span class='ocrx_word' id='word_1_340' title='bbox 1254 5019 1392 5063; x_wconf 90' lang='lat' dir='ltr'>summa</span> <span class='ocrx_word' id='word_1_341' title='bbox 1411 4996 1589 5086; x_wconf 88' lang='lat' dir='ltr'>laquearia</span> <span class='ocrx_word' id='word_1_342' title='bbox 1603 4996 1690 5064; x_wconf 90' lang='lat' dir='ltr'>citro</span> <span class='ocrx_word' id='word_1_343' title='bbox 1704 5015 1736 5063; x_wconf 89' lang='lat' dir='ltr'>et</span> <span class='ocrx_word' id='word_1_344' title='bbox 1753 4997 1858 5064; x_wconf 90' lang='lat' dir='ltr'>ebore</span> <span class='ocrx_word' id='word_1_345' title='bbox 1876 4996 2012 5063; x_wconf 89' lang='lat' dir='ltr'>curiose</span> 
     </span>
     <span class='ocr_line' id='line_1_40' title="bbox 682 5101 2012 5192; baseline 0 -23"><span class='ocrx_word' id='word_1_346' title='bbox 682 5121 802 5169; x_wconf 87' lang='lat' dir='ltr'>cauata</span> <span class='ocrx_word' id='word_1_347' title='bbox 817 5103 970 5170; x_wconf 90' lang='lat' dir='ltr'>subeunt</span> <span class='ocrx_word' id='word_1_348' title='bbox 983 5125 1109 5170; x_wconf 89' lang='lat' dir='ltr'>aureae</span> <span class='ocrx_word' id='word_1_349' title='bbox 1123 5104 1322 5185; x_wconf 88' lang='lat' dir='ltr'>columnae,</span> <span class='ocrx_word' id='word_1_350' title='bbox 1339 5104 1487 5192; x_wconf 83' lang='lat' dir='ltr'>parietes</span> <span class='ocrx_word' id='word_1_351' title='bbox 1501 5127 1626 5170; x_wconf 86' lang='lat' dir='ltr'>omnes</span> <span class='ocrx_word' id='word_1_352' title='bbox 1640 5123 1805 5192; x_wconf 85' lang='lat' dir='ltr'>argenteo</span> <span class='ocrx_word' id='word_1_353' title='bbox 1819 5101 2012 5170; x_wconf 89' lang='lat' dir='ltr'>caelamine</span> 
     </span>
    </p>
   </div>
   <div class='ocr_carea' id='block_1_3' title="bbox 0 0 2250 6470">
    <p class='ocr_par' dir='ltr' id='par_1_11' title="bbox 0 0 2250 6470">
     <span class='ocr_line' id='line_1_41' title="bbox 0 0 2250 6470; baseline 0 0"><span class='ocrx_word' id='word_1_354' title='bbox 0 0 2250 6470; x_wconf 95' lang='lat' dir='ltr'> </span> 
     </span>
    </p>
   </div>
  </div>
 </body>
</html>
