4492 6475
1234 869 1433 916 ...2-

666 1044 699 1112 in
726 1045 890 1114 humanis
908 1046 1067 1114 uultibus
1088 1048 1173 1113 deae
1195 1064 1310 1114 tantae
1333 1047 1480 1115 numina
1501 1048 1696 1135 placantur,
1715 1065 1747 1115 et
1765 1047 1800 1115 in
1823 1049 1997 1116 matutino

665 1175 852 1242 progressu
873 1151 1021 1243 uirginis
1040 1153 1193 1221 uictimis
1210 1171 1243 1222 et
1260 1155 1374 1243 epulis
1392 1153 1540 1222 Veneris
1557 1154 1712 1222 absentis
1730 1177 1860 1222 numen
1881 1156 1995 1246 propi-

664 1258 783 1343 tiatur,
803 1262 944 1349 iamque
967 1282 1029 1349 per
1046 1260 1178 1350 plateas
1200 1280 1456 1328 commeantem
1480 1261 1601 1351 populi
1625 1260 1826 1351 frequenter
1850 1260 1996 1330 floribus

665 1366 765 1434 sertis
809 1386 842 1434 et
885 1368 1009 1435 solutis
1049 1368 1296 1458 adprecantur.
1339 1369 1437 1436 Haec
1482 1368 1660 1435 honorum
1706 1368 1906 1436 caelestium
1951 1370 1994 1436 ad

615 1492 632 1556 5
664 1475 801 1565 puellae
827 1474 984 1542 mortalis
1009 1475 1142 1542 cultum
1170 1474 1359 1542 immodica
1384 1475 1565 1542 translatio
1592 1497 1694 1542 uerae
1721 1474 1866 1543 Veneris
1893 1477 1995 1542 uehe-

664 1599 800 1649 menter
814 1582 969 1649 incendit
987 1581 1139 1665 animos,
1154 1600 1187 1648 et
1201 1581 1390 1671 impatiens
1405 1577 1672 1672 indignationis,
1687 1582 1799 1672 capite
1816 1582 1993 1671 quassanti

664 1686 818 1756 fremens
835 1688 939 1755 altius
957 1688 1005 1755 sic
1023 1710 1141 1755 secum
1161 1686 1301 1756 disserit
1320 1714 1327 1754 :

753 1796 796 1863 30
819 1797 884 1863 ‘En
901 1818 1017 1863 rerum
1037 1814 1181 1863 naturae
1197 1796 1310 1885 prisca
1329 1818 1468 1886 parens,
1484 1818 1525 1862 en
1541 1795 1797 1863 elementorum
1815 1795 1915 1886 origo
1932 1796 1993 1863 ini·

663 1903 768 1986 tialis,
787 1926 828 1970 en
848 1903 945 1971 orbis
962 1903 1068 1970 totius
1085 1903 1177 1970 alma
1191 1903 1326 1986 Venus,
1342 1926 1431 1992 quae
1449 1926 1527 1970 cum
1544 1902 1683 1972 mortali
1698 1903 1815 1993 puella
1829 1902 1995 1992 partiario

595 2051 632 2093 ,ο
664 2010 854 2078 maiestatis
874 2012 1007 2078 honore
1025 2028 1153 2077 tractor
1170 2027 1202 2077 et
1220 2031 1349 2077 nomen
1377 2032 1494 2077 meum
1517 2010 1613 2077 caelo
1638 2009 1821 2078 conditum
1847 2010 1994 2078 terrenis

663 2118 827 2186 sordibus
845 2116 1065 2207 profanatur!
1088 2117 1257 2184 nimirum
1275 2116 1457 2184 communi
1473 2115 1633 2184 numinis
1648 2117 1828 2207 piamento
1843 2117 1994 2184 uicariae

664 2224 905 2294 uenerationis
934 2225 1105 2293 incertum
1137 2223 1319 2292 sustinebo
1348 2241 1381 2291 et
1409 2223 1600 2315 imaginem
1631 2247 1746 2292 meam
1775 2223 1995 2292 circumferet

663 2333 780 2423 puella
798 2332 990 2400 moritura?
1014 2330 1141 2399 frustra
1170 2327 1369 2421 me‘pastor
1397 2329 1467 2412 ille,
1494 2331 1594 2398 cuius
1622 2331 1790 2399 iustitiam
1818 2333 1995 2420 fidemque

664 2462 815 2531 magnus
832 2438 1078 2529 comprobabit
1097 2438 1270 2529 luppiter,
1289 2439 1335 2506 ob
1353 2438 1518 2506 eximiam
1537 2438 1689 2528 speciem
1708 2438 1813 2505 tantis
1832 2438 1995 2528 praetulit

595 2567 631 2631 15
663 2547 819 2616 deabus?
838 2548 898 2614 sed
917 2567 987 2613 non
1007 2548 1095 2614 adeo
1112 2547 1270 2635 gaudens
1289 2546 1366 2629 ista,
1385 2567 1629 2636 quaecumque
1644 2563 1708 2626 est,
1725 2567 1822 2612 meos
1841 2546 1994 2613 honores

664 2653 868 2743 usurparit:
889 2650 1054 2720 iamfato
1074 2652 1179 2720 huius
1196 2675 1272 2719 eam
1292 2651 1404 2742 ipsius
1428 2652 1580 2719 inlicitae
1603 2651 1859 2720 formonsitatis
1877 2651 1994 2741 paeni·

663 2768 751 2828 teat’.
781 2761 824 2828 Et
850 2778 947 2827 vocat
975 2759 1160 2827 confestim
1190 2782 1340 2849 puerum
1370 2782 1473 2827 suum
1503 2759 1690 2849 pinnatum
1720 2758 1821 2826 illum
1850 2776 1883 2825 et
1912 2757 1995 2826 satis

662 2868 903 2950 temerarium,
922 2866 982 2956 qui
1009 2867 1111 2934 malis
1136 2867 1210 2934 suis
1232 2866 1391 2934 moribus
1415 2885 1615 2956 contempta
1633 2865 1820 2956 disciplina
1839 2865 1993 2955 publica,

663 2974 816 3043 flammis
839 2992 871 3042 et
896 2973 1030 3064 sagittis
1054 2991 1211 3041 armatus
1235 2995 1298 3063 per
1321 2973 1455 3041 alienas
1477 2975 1603 3042 domos
1626 2990 1725 3040 nocte
1743 2973 1946 3040 discurrens
1963 2989 1995 3038 et

590 3122 632 3167 20
663 3081 823 3149 omnium
851 3081 1077 3149 matrimonia
1097 3103 1331 3170 corrumpens
1357 3081 1504 3168 impune
1528 3079 1716 3148 committit
1741 3098 1836 3147 tanta
1863 3078 1994 3170 flagitia

663 3206 695 3258 et
713 3188 802 3258 nihil
821 3212 965 3280 prorsus
983 3187 1066 3258 boni
1087 3188 1178 3257 facit.
1200 3189 1307 3257 Hunc
1325 3210 1530 3278 quanquam
1548 3188 1702 3278 genuina
1721 3181 1857 3255 licentia
1877 3208 1994 3276 proca-

662 3320 737 3366 cem
761 3297 879 3365 uerbis
897 3320 1038 3386 quoque
1057 3298 1203 3387 insuper
1224 3296 1430 3364 stimularet
1449 3296 1608 3386 perducit
1629 3297 1671 3364 ad
1696 3296 1792 3363 illam
1815 3294 1993 3362 ciuitatem

662 3424 696 3472 et
710 3406 871 3495 Psychen
891 3405 967 3491 ,hoc
985 3404 1080 3472 enim
1100 3403 1244 3471 nomine
1263 3403 1378 3493 puella
1393 3401 1675 3493 nuncupabaturl
1689 3425 1807 3470 coram
1825 3402 1992 3483 ostendit,

662 3531 694 3580 et
711 3530 781 3580 tota
803 3511 861 3578 illa
879 3512 1010 3597 perlata
1035 3512 1077 3579 de
1102 3510 1357 3578 formonsitatis
1381 3509 1619 3577 aemulatione
1642 3509 1760 3578 fabula
1785 3531 1931 3599 gemens
1956 3531 1994 3575 ac

590 3641 631 3706 25
662 3620 816 3687 fremens
834 3618 1078 3710 indignatione
1098 3636 1105 3685 :

752 3727 789 3794 31
818 3727 900 3794 ‘Per
915 3749 979 3816 ego
997 3730 1040 3793 te'
1062 3725 1177 3814 inquit
1196 3734 1386 3792 ‘maternae
1403 3724 1556 3792 caritatis
1578 3723 1718 3791 foedera
1734 3723 1917 3813 deprecor,
1933 3744 1995 3811 per

661 3852 740 3901 tuae
758 3833 903 3923 sagittae
920 3832 1035 3900 dulcia
1054 3833 1217 3913 uulnera,
1237 3854 1298 3922 per
1320 3832 1483 3898 flammae
1506 3830 1606 3897 istius
1629 3830 1780 3897 mellitas
1798 3830 1964 3897 uredines
1984 3854 1991 3894 ε

663 3940 855 4009 uindictam
879 3957 958 4007 tuae
984 3939 1135 4030 parenti,
1165 3940 1225 4006 sed
1251 3939 1391 4028 plenam
1422 3937 1536 4005 tribue
1566 3955 1598 4005 et
1628 3936 1661 4003 in
1691 3936 1993 4025 pulchritudinem

661 4066 903 4116 contumacem
923 4046 1092 4114 seueriter
1111 4045 1253 4114 uindica
1271 4045 1377 4134 idque
1397 4068 1506 4113 unum
1526 4062 1559 4112 et
1579 4067 1643 4134 pro
1661 4043 1829 4111 omnibus
1847 4043 1991 4112 unicum

590 4174 632 4240 30
663 4156 787 4223 uolens
816 4153 901 4221 ellici
931 4181 938 4220 :
969 4154 1068 4244 uirgo
1098 4153 1162 4221 ista
1191 4176 1310 4220 amore
1340 4151 1613 4242 fraglantissimo
1646 4169 1805 4219 teneatur
1837 4149 1994 4219 hominis

662 4261 822 4344 extremi,
848 4284 955 4351 quem
981 4278 1014 4329 et
1040 4260 1223 4351 dignitatis
1249 4279 1280 4328 et
1310 4259 1514 4350 patrimonii
1544 4258 1649 4327 simul
1679 4277 1711 4326 et
1741 4256 1993 4326 incolumitatis

663 4369 775 4459 ipsius
802 4368 941 4437 fortuna
959 4368 1156 4451 damnauit,
1175 4387 1317 4456 tamque
1335 4367 1480 4449 infirmi,
1510 4385 1546 4434 ut
1564 4384 1754 4457 pectorum
1778 4366 1900 4433 orbem
1920 4386 1990 4433 non

663 4476 821 4544 inueniat
846 4475 1008 4544 miseriae
1035 4499 1118 4543 suae
1143 4473 1367 4564 comparem’.
1397 4474 1455 4546 Sic
1473 4474 1573 4541 effata
1600 4491 1632 4541 et
1656 4472 1785 4540 osculis
1812 4471 1992 4539 hiantibus

664 4584 775 4651 filium
804 4583 864 4652 diu
895 4606 933 4651 ac
963 4584 1119 4673 pressule
1149 4582 1280 4649 sauiata
1310 4582 1488 4672 proximas
1516 4605 1595 4649 oras
1624 4581 1723 4649 reflui
1754 4579 1865 4647 litoris
1894 4578 1992 4668 petit,

590 4712 631 4777 35
663 4690 864 4781 plantisque
878 4691 987 4759 roseis
1006 4690 1223 4758 uibrantium
1243 4690 1411 4756 fluctuum
1431 4711 1572 4756 summo
1591 4710 1667 4755 rore
1681 4688 1811 4754 calcato
1827 4708 1904 4753 ecce
1922 4684 1990 4752 iam

664 4798 879 4887 profundum
899 4798 1005 4866 maris
1023 4801 1112 4866 sudo
1131 4797 1259 4865 resedit
1278 4796 1427 4877 uertice,
1446 4814 1478 4862 et
1497 4795 1613 4883 ipsum
1633 4795 1727 4883 quod
1745 4793 1871 4883 incipit
1888 4793 1991 4873 uelle,

662 4924 757 4972 cetus
774 4944 817 4956 -
834 4906 949 4973 statim
968 4905 1068 4993 quasi
1087 4904 1224 4994 pridem
1245 4903 1459 4993 praeceperit
1482 4942 1522 4951 -
1542 4924 1611 4969 non
1631 4919 1788 4971 moratur
1814 4900 1990 4968 marinum

662 5012 884 5102 obsequium.
922 5012 1059 5081 Adsunt
1094 5011 1200 5081 Nerei
1240 5011 1330 5078 filiae
1362 5012 1509 5078 chorum
1546 5027 1710 5076 canentes
1743 5027 1774 5075 et
1808 5009 1992 5075 Portunus

662 5120 810 5186 caerulis
839 5120 957 5187 barbis
987 5119 1147 5209 hispidus
1174 5138 1206 5185 et
1232 5118 1350 5209 grauis
1378 5118 1515 5206 piscoso
1543 5118 1621 5183 sinu
1649 5116 1785 5185 Salacia
1812 5135 1844 5182 et
1870 5115 1991 5202 auriga
