4492 6475
829 874 1054 917 ...11-

275 1047 527 1117 remulcebant.
549 1048 623 1115 Nec
647 1064 764 1114 tamen
791 1045 1017 1113 scelestarum
1042 1043 1256 1113 feminarum
1285 1045 1441 1134 nequitia
1469 1047 1522 1113 uel
1550 1046 1607 1114 illa

276 1153 406 1222 mellita
439 1171 561 1221 cantus
593 1151 780 1221 dulcedine
814 1151 948 1218 mollita
981 1151 1200 1240 conquieuit,
1232 1153 1291 1220 sed
1323 1155 1364 1220 ad
1397 1152 1605 1221 destinatam

274 1260 451 1329 fraudium
476 1260 635 1350 pedicam
663 1281 862 1328 sermonem
891 1257 1112 1326 conferentes
1139 1258 1403 1326 dissimulanter
1430 1259 1608 1347 occipiunt

274 1367 455 1450 sciscitari,
474 1368 589 1457 qualis
607 1367 635 1434 ei
657 1366 804 1435 maritus
822 1383 854 1433 et
871 1366 964 1433 unde
983 1367 1169 1446 natalium,
1184 1384 1274 1434 secta
1292 1366 1369 1433 cuia
1389 1365 1604 1455 proueniret.

274 1476 377 1543 Tunc
395 1475 453 1541 illa
478 1473 701 1564 simplicitate
727 1472 839 1540 nimia
863 1472 1002 1562 pristini
1030 1472 1205 1540 sermonis
1227 1473 1335 1540 oblita
1362 1495 1497 1540 nouum
1515 1495 1605 1539 com·
1637 1484 1655 1549 5

275 1598 433 1649 mentum
466 1580 608 1649 instruit
648 1580 766 1669 aitque
799 1578 966 1648 maritum
1000 1602 1104 1646 suum
1139 1579 1398 1667 deprouincia
1432 1579 1604 1669 proxima,

274 1687 412 1778 magnis
437 1687 597 1778 pecuniis
623 1687 873 1777 negotiantem,
894 1685 962 1755 iarn
991 1685 1147 1753 medium
1173 1707 1315 1753 cursum
1343 1685 1464 1753 aetatis
1489 1708 1604 1776 agere,

274 1793 527 1884 interspersum
552 1816 627 1862 rara
649 1793 798 1882 canitie·
820 1794 894 1860 Nec
921 1791 954 1859 in
984 1814 1147 1860 sermone
1175 1792 1242 1861 isto
1269 1794 1443 1861 tantillum
1472 1811 1605 1860 morata

273 1923 412 1969 rursum
431 1900 589 1990 opiparis
612 1899 820 1968 muneribus
837 1921 895 1966 eas
912 1917 1057 1966 onustas
1081 1917 1229 1966 uentoso
1253 1899 1417 1966 uehiculo
1440 1901 1603 1967 reddidit.

385 2017 424 2084 16
449 2015 616 2088 Seddum
630 2015 783 2105 Zephyri
799 2014 990 2103 tranquillo
1004 2014 1130 2104 spiritu
1146 2015 1355 2083 sublimatae
1369 2017 1515 2083 domurn
1532 2017 1604 2083 red-

273 2140 370 2205 eunt,
381 2121 429 2189 sic
440 2145 559 2190 secum
569 2123 776 2190 altercantes
793 2120 936 2209 z‘Quid,
946 2143 1059 2203 soror,
1072 2120 1224 2188 dicimus
1238 2122 1280 2188 de
1294 2140 1364 2189 tam
1381 2141 1605 2190 monstruoso

272 2228 386 2296 fatuae
420 2228 516 2297 illius
541 2229 749 2297 mendacio?
773 2230 876 2296 Tunc
905 2228 1111 2296 adulescens
1142 2229 1249 2295 modo
1278 2228 1415 2296 florenti
1440 2229 1605 2319 lanugine

273 2335 417 2403 barbam
437 2334 630 2418 instruenS,
646 2358 740 2403 nunc
758 2353 869 2403 aetate
888 2334 1003 2402 media
1017 2334 1180 2401 candenti
1199 2334 1327 2403 canitie
1346 2334 1494 2402 lucidus.
1510 2335 1605 2422 Quis

273 2440 343 2524 ille,
362 2465 466 2531 quem
484 2441 655 2531 temporis
677 2442 806 2510 modici
830 2441 983 2531 spatium
1009 2441 1192 2531 repentina
1216 2459 1354 2509 senecta
1377 2441 1602 2509 reformauit?

272 2548 321 2615 nil
339 2547 434 2616 aliud
456 2547 649 2638 repperies,
670 2549 716 2615 mi
740 2571 852 2630 soror,
872 2569 978 2636 quam
1003 2548 1057 2615 uel
1082 2549 1265 2616 mendacia
1289 2548 1390 2615 istam
1414 2548 1602 2637 pessimam
1659 2563 1672 2626 ξ

270 2653 438 2722 feminam
457 2655 657 2744 confingere
676 2655 731 2722 uel
749 2653 898 2722 formam
920 2654 1033 2722 mariti
1054 2654 1107 2721 sui
1132 2654 1276 2721 nescire.
1298 2655 1464 2742 Quorum
1486 2672 1603 2722 utrum

272 2783 394 2828 uerum
418 2779 482 2841 est,
501 2761 629 2851 opibus
652 2761 726 2828 istis
751 2784 856 2850 quarn
884 2761 1039 2851 primum
1065 2761 1332 2828 exterminanda
1359 2780 1421 2828 est.
1442 2760 1550 2849 Quod
1575 2760 1601 2827 si

271 2867 338 2936 uiri
357 2867 411 2935 sui
429 2867 552 2935 faciem
573 2867 722 2959 ignorat,
741 2869 807 2936 deo
825 2868 981 2958 profecto
998 2869 1166 2958 denupsit
1183 2887 1214 2936 et
1232 2869 1337 2936 deum
1357 2867 1461 2935 nobis
1485 2890 1602 2958 praeg-

271 2973 412 3043 natione
442 2975 505 3043 ista
534 2977 633 3065 gerit.
666 2976 770 3045 Certe
796 2976 825 3042 si
853 2975 966 3043 diuini
998 2974 1104 3064 puelli
1131 2977 1287 3064 -quod
1314 2974 1419 3043 absit!
1447 3015 1491 3024 -
1518 2975 1603 3042 baec

270 3100 380 3150 mater
401 3081 565 3164 audierit,
584 3081 700 3149 statim
726 3104 782 3149 me
808 3081 936 3171 laqueo
961 3082 1063 3150 nexili
1092 3084 1320 3172 suspendam.
1343 3083 1435 3173 Ergo
1462 3082 1601 3149 interim
1636 3145 1650 3161 ,

270 3189 312 3256 ad
342 3208 504 3279 parentes
537 3206 675 3257 nostros
709 3189 895 3257 redeamus
924 3207 956 3256 er
985 3190 1137 3257 exordio
1158 3188 1332 3258 sermonis
1363 3188 1466 3257 huius
1495 3211 1600 3277 quarn

270 3297 473 3364 concolores
491 3295 644 3363 fallacias
667 3293 893 3364 adtexemus'.

382 3426 419 3492 ¹7
446 3402 505 3473 Sic
524 3402 774 3485 inflammatae,
792 3402 998 3493 parentibus
1016 3402 1233 3471 fastidienter
1249 3402 1434 3491 appellaris
1451 3420 1484 3470 et
1502 3420 1602 3469 nocte

268 3509 406 3577 turbata
426 3509 569 3599 uigiliis,
590 3510 746 3599 perditae
765 3510 940 3577 matutino
955 3511 1140 3600 scopulum
1157 3510 1342 3599 peruolant
1359 3527 1391 3577 et
1411 3509 1490 3576 inde
1508 3508 1599 3575 soliti

271 3616 366 3684 uenti
386 3616 563 3706 praesidio
577 3604 807 3685 uehementer
821 3617 989 3709 deuolant
1004 3616 1227 3706 lacrimisque
1242 3639 1405 3705 pressura
1421 3616 1600 3705 palpebra·
1632 3632 1669 3696 21

271 3746 348 3791 rum
361 3724 489 3791 coactis
501 3723 565 3791 hoc
577 3742 653 3791 astu
666 3725 819 3811 puellam
834 3725 1014 3815 appellant
1029 3751 1036 3790 :
1050 3724 1116 3794 ‘Tu
1133 3725 1275 3814 quidem
1291 3722 1369 3790 felix
1384 3723 1502 3812 etipsa
1515 3723 1599 3790 tanti

180 3878 184 3884 -
270 3830 351 3897 mali
371 3829 568 3920 ignorantia
587 3830 687 3898 beata
706 3832 806 3898 sedes
825 3831 1003 3900 incuriosa
1026 3831 1172 3920 periculi
1191 3831 1255 3912 tui,
1276 3853 1339 3896 nos
1361 3849 1491 3912 autem,
1511 3852 1600 3919 quae

268 3935 431 4027 peruigili
445 3958 528 4005 cura
543 3937 648 4005 rebus
661 3938 731 4005 tuis
745 3939 974 4021 excubamus,
989 3937 1148 4005 cladibus
1163 3938 1232 4004 tuis
1246 3937 1373 4004 misere
1387 3937 1597 4004 cruciamur.

269 4042 339 4110 Pro
353 4065 438 4111 uero
450 4066 603 4133 namque
618 4045 857 4135 comperimus
872 4068 936 4112 nec
950 4063 995 4127 te,
1011 4046 1124 4112 sociae
1139 4044 1268 4111 scilicet
1283 4044 1415 4112 doloris
1428 4065 1599 4132 casusque

268 4150 331 4232 tui,
350 4153 462 4218 celare
481 4174 671 4240 possumus
689 4153 881 4220 immanem
900 4152 1100 4233 colubrum,
1121 4150 1330 4219 multinodis
1353 4149 1599 4216 uoluminibus
1630 4165 1673 4232 30

267 4276 479 4347 serpentem,
499 4281 638 4326 ueneno
656 4259 761 4326 noxio
779 4260 866 4327 colla
892 4258 1164 4350 sanguinantem
1189 4257 1418 4345 hiantemque
1441 4256 1599 4346 ingluuie

267 4363 457 4453 profunda,
491 4383 605 4432 tecum
640 4366 802 4433 noctibus
833 4366 979 4432 latenter
1010 4365 1248 4453 adquiescere.
1283 4365 1388 4431 Nunc
1418 4364 1598 4430 recordare

266 4470 368 4537 sortis
398 4471 578 4561 Pythicae,
609 4494 698 4560 quae
725 4491 756 4540 te
785 4472 940 4562 procacis
968 4472 1097 4540 bestiae
1127 4472 1260 4561 nuptiis
1286 4471 1495 4538 destinatam
1523 4493 1598 4537 esse

266 4577 443 4645 clamauit.
470 4579 512 4646 Et
535 4580 635 4646 multi
659 4580 774 4646 coloni
798 4580 931 4669 quique
953 4579 1188 4645 circumsecus
1212 4594 1387 4644 uenantur
1405 4596 1437 4643 et
1462 4577 1599 4643 accolae

267 4684 412 4773 plurimi
447 4685 611 4753 uiderunt
643 4709 723 4754 eum
759 4710 906 4777 uespera
945 4687 1149 4754 redeuntem
1184 4708 1201 4751 e
1235 4702 1336 4774 pastu
1376 4683 1597 4773 proximique
1629 4702 1669 4767 35

267 4790 426 4858 fluminis
444 4793 545 4860 uadis
564 4794 793 4861 innatantem.

379 4899 416 4965 18
444 4900 517 4966 Nec
545 4901 605 4967 diu
636 4901 775 4968 blandis
805 4901 1056 4969 alimoniarum
1082 4899 1263 4988 obsequiis
1292 4918 1323 4966 te
1354 4899 1595 4988 saginaturum

265 5007 1231 5098 omnesadfirmant,sedcumprimurnpraegnationem
1244 5025 1338 5074 tuam
1351 5007 1596 5095 plenusmatu-

267 5113 397 5181 rauerit
409 5132 541 5196 uterus,
554 5116 727 5204 opimiore
739 5115 853 5183 fructu
869 5115 1060 5205 praeditam
1075 5115 1341 5183 deuoraturum.
1358 5113 1412 5181 Ad
1428 5111 1511 5180 haec
1527 5112 1594 5178 iam
