4492 6475
1241 853 1458 896 ..10-

682 1022 846 1090 maritum
881 1041 984 1110 teque
1017 1040 1050 1089 et
1083 1023 1187 1089 istum
1222 1023 1412 1112 paruulum
1448 1040 1605 1091 nostrum
1641 1022 1861 1092 imminentis
1890 1024 2011 1092 ruinae

681 1127 877 1196 infortunio
896 1128 1018 1197 libera.
1039 1130 1113 1196 Nec
1133 1128 1209 1196 illas
1226 1131 1388 1197 scelestas
1406 1129 1569 1212 feminas,
1585 1154 1672 1219 quas
1689 1130 1751 1198 tibi
1768 1149 1846 1220 post
1864 1130 2009 1198 interne·

680 1234 799 1302 ciuum
814 1234 935 1302 odium
952 1253 984 1302 et
998 1236 1126 1304 calcata
1141 1236 1325 1326 sanguinis
1343 1236 1475 1304 hedera
1490 1260 1628 1305 sorores
1641 1238 1819 1327 appellare
1833 1260 1904 1305 non
1920 1236 2008 1319 licet,

680 1340 735 1407 uel
755 1340 875 1408 uideas
895 1343 949 1409 uel
968 1342 1104 1425 audias,
1118 1364 1198 1409 cum
1220 1342 1254 1409 in
1270 1365 1404 1411 morem
1424 1342 1591 1414 Sirenum
1607 1344 1752 1433 scopulo
1770 1344 2011 1434 prominentes

630 1455 647 1519 5
679 1445 827 1514 funestis
846 1448 993 1516 uocibus
1012 1471 1091 1515 saxa
1115 1446 1378 1538 personabunt'.

792 1555 828 1622 13
856 1553 1012 1645 Suscipit
1031 1556 1167 1644 Psyche
1186 1556 1342 1645 singultu
1368 1555 1555 1623 lacrimoso
1580 1578 1780 1625 sermonem
1807 1557 2007 1625 incestans:

676 1661 764 1727 ‘lam
781 1662 931 1743 dudum,
950 1662 1044 1751 quod
1071 1662 1193 1743 sciam,
1213 1662 1291 1730 fidei
1318 1681 1422 1751 atque
1448 1663 1668 1752 parciloquio
1692 1685 1770 1730 tneo
1792 1664 2007 1753 perpendisti

678 1768 903 1850 documenta,
933 1791 995 1836 nec
1024 1792 1065 1836 eo
1094 1768 1201 1836 setius
1230 1768 1486 1858 adprobabitur
1514 1769 1576 1837 tibi
1608 1793 1701 1837 nunc
1730 1769 1834 1837 etiam
1865 1769 2009 1837 firmitas

678 1875 787 1941 animi
799 1874 881 1942 mei.
893 1877 948 1944 Tu
963 1878 1070 1944 modo
1084 1876 1248 1966 Zephyro
1261 1895 1381 1943 nostro
1393 1900 1533 1944 rursum
1547 1877 1721 1966 praecipe,
1736 1875 1903 1967 iungatur
1913 1876 2007 1943 obse·

611 2013 648 2056 ιο
678 1981 762 2068 quio
780 1999 813 2049 et
831 1982 864 2049 in
885 1983 997 2050 uicem
1017 1985 1208 2074 denegatae
1227 2001 1467 2050 sacrosanctae
1486 1983 1651 2073 imaginis
1668 2002 1747 2051 tuae
1762 1984 1869 2051 redde
1887 1983 2006 2050 saltem

677 2108 904 2177 conspectum
935 2112 1110 2158 sororum.
1145 2091 1213 2158 Per
1242 2090 1326 2156 istos
1354 2089 1560 2168 cinnameos
1588 2108 1621 2157 et
1650 2090 1807 2178 undique
1837 2090 2008 2179 pendulos

677 2195 791 2263 crines
813 2215 905 2276 tuos,
925 2219 986 2286 per
1003 2215 1142 2264 teneras
1165 2215 1196 2263 et
1220 2197 1337 2264 teretis
1360 2216 1392 2263 et
1416 2198 1482 2264 mei
1507 2197 1640 2264 similes
1662 2220 1782 2286 genas,
1807 2218 1868 2286 per
1890 2214 2008 2284 pectus

678 2304 883 2392 nescioquo
901 2305 1014 2371 calore
1037 2303 1229 2384 feruidum„
1249 2304 1297 2370 sic
1324 2304 1358 2371 in
1387 2304 1452 2371 hoc
1477 2304 1598 2371 saltem
1625 2303 1776 2393 paruulo
1801 2324 2004 2393 cognoscam

678 2408 800 2476 faciem
821 2427 931 2490 tuam„
951 2410 1121 2500 supplicis
1140 2411 1262 2477 anxiae
1285 2410 1353 2500 piis
1376 2410 1539 2499 precibus
1556 2428 1718 2500 erogatus
1741 2410 1900 2500 germani
1918 2400 2006 2476 c'om·

610 2531 645 2595 15
678 2515 800 2606 plexus
835 2517 977 2607 indulge
1011 2516 1162 2584 fructum
1200 2536 1233 2584 et
1270 2517 1331 2584 tibi
1371 2519 1518 2584 deuotae
1557 2517 1812 2604 deuinctaeque
1852 2516 2007 2605 Psychae

677 2624 832 2690 animam
851 2623 981 2714 gaudio
996 2647 1123 2691 recrea.
1143 2625 1217 2691 Nec
1234 2623 1424 2713 quicquam
1440 2624 1593 2713 amplius
1608 2623 1643 2689 in
1662 2642 1722 2690 tuo
1738 2623 1837 2690 uultu
1852 2622 2006 2711 requir0‚

678 2730 745 2798 iarn
766 2730 814 2797 nil
833 2729 989 2797 officiunt
1008 2730 1093 2797 milri
1115 2754 1178 2798 nec
1197 2731 1292 2820 ipsae
1306 2749 1499 2799 nocturnae
1513 2730 1678 2798 tenebrae
1698 2757 1704 2797 :
1725 2749 1828 2797 teneo
1842 2746 1874 2796 te
1888 2751 2004 2796 meunt

676 2837 817 2904 lumen’.
855 2837 922 2905 His
942 2837 1059 2904 uerbis
1092 2856 1125 2904 et
1162 2838 1384 2926 amplexibus
1425 2838 1592 2905 mollibus
1624 2839 1829 2904 decantatus
1863 2836 2007 2903 maritus

678 2944 909 3034 lacrimasque
928 2945 957 3012 ei
977 2944 1050 3012 suis
1068 2945 1227 3012 crinibus
1244 2946 1430 3035 detergens
1451 2945 1623 3011 facturum
1648 2943 1841 3034 spopondit
1858 2960 1891 3010 et
1914 2965 2006 3032 prae·

604 3086 646 3130 20
678 3050 781 3118 uertit
798 3052 914 3119 statim
934 3052 1053 3119 lumen
1075 3042 1250 3119 nascentis
1268 3050 1351 3119 diei.

789 3189 828 3255 14
853 3168 980 3259 lugum
1007 3167 1183 3236 sororium
1203 3189 1422 3257 consponsae
1447 3166 1607 3233 factionis
1634 3190 1676 3233 ne
1704 3165 1909 3256 parentibus
1934 3164 2006 3254 qui-

675 3277 756 3342 dem
776 3276 861 3342 uisis
885 3294 974 3343 recta
993 3277 1036 3343 de
1061 3275 1214 3343 nauibus
1240 3276 1424 3366 scopulum
1452 3292 1575 3363 petunt
1601 3274 1699 3341 illum
1728 3273 1909 3363 praecipiti
1927 3296 2005 3340 curn

676 3382 858 3449 uelocitate
885 3406 948 3450 nec
974 3384 1067 3451 uenti
1093 3382 1237 3451 fetentis
1261 3401 1428 3471 oppertae
1457 3383 1691 3471 praesentiam
1721 3380 1901 3448 licentiosa
1927 3403 2004 3447 curn

675 3489 870 3557 temeritate
900 3489 1088 3579 prosiliunt
1118 3491 1151 3557 in
1183 3491 1305 3556 altum.
1339 3490 1413 3556 Nec
1446 3488 1635 3556 immemor
1665 3489 1850 3578 Zephyrus
1883 3487 2006 3577 regalis

602 3603 643 3668 25
675 3595 792 3678 edicti,
811 3596 978 3686 quamuis
1003 3597 1150 3674 inuitus,
1170 3614 1348 3685 susceptas
1367 3619 1424 3662 eas
1449 3596 1585 3685 gremio
1609 3594 1777 3684 spirantis
1802 3616 1907 3661 aurae
1932 3594 2005 3660 solo

676 3703 838 3771 reddidit.
859 3709 904 3772 At
923 3703 1001 3771 illae
1021 3704 1238 3771 incunctatae
1257 3706 1373 3771 statim
1392 3703 1548 3771 conferto
1567 3702 1717 3794 uestigio
1739 3704 1885 3769 domurn
1906 3723 2005 3790 pene·

674 3829 767 3878 trant
798 3812 1071 3911 complexaeque
1106 3812 1270 3901 praedam
1305 3813 1404 3878 suam
1443 3810 1574 3879 sororis
1613 3832 1741 3877 nomen
1776 3808 2005 3876 ementientes

674 3918 978 4007 thensaurumque
1008 3918 1150 4008 penitus
1183 3917 1321 3986 abditae
1351 3917 1484 3985 fraudis
1515 3919 1613 3985 uultu
1649 3918 1738 3984 laeto
1771 3934 1926 4006 tegentes
1958 3915 2005 3982 sic

674 4023 818 4091 adulant
839 4051 845 4090 :
863 4021 1026 4115 ‘Psyche
1048 4025 1180 4092 nonita
1199 4028 1258 4111 [utl
1280 4025 1415 4114 pridem
1432 4025 1581 4113 paruula
1597 4042 1630 4091 et
1648 4024 1723 4114 ipsa
1739 4023 1814 4091 iam·
1828 4040 1938 4090 mater
1951 4025 2002 4088 es!

601 4138 644 4203 30
674 4130 860 4219 Quantum
891 4150 994 4220 putas
1023 4132 1105 4198 boni
1127 4132 1229 4198 nobis
1248 4133 1281 4197 in
1303 4132 1367 4198 ista
1395 4132 1487 4221 geris
1514 4131 1652 4221 perula!
1685 4129 1842 4218 Quantis
1868 4128 2005 4219 gaudiis

674 4256 780 4305 totam
799 4240 944 4306 domurn
966 4256 1119 4306 nostram
1142 4239 1332 4315 hilarabisl
1346 4239 1380 4309 O
1399 4262 1463 4306 nos
1481 4239 1612 4321 beatas,
1631 4261 1719 4326 quas
1742 4235 1887 4304 infantis
1909 4235 2003 4303 aurei

675 4346 890 4413 nutrimenta
920 4345 1115 4414 laetabuntl
1148 4345 1222 4434 Qui
1253 4347 1280 4413 si
1311 4363 1495 4436 parentum
1521 4364 1556 4412 ut
1581 4363 1719 4434 oportet
1747 4342 2003 4434 pulchritudini

674 4452 907 4542 responderit,
928 4476 1073 4542 prorsus
1091 4453 1233 4542 Cupido
1252 4454 1433 4521 nascetur'.

771 4563 822 4628 ⁴15
850 4559 908 4631 Sic
922 4559 1116 4628 adfectione
1129 4561 1291 4629 simulata
1302 4560 1470 4649 paulatim
1490 4559 1621 4627 sororis
1639 4560 1814 4626 inuadunt
1831 4557 2002 4624 animum.

600 4685 640 4751 35
673 4666 872 4755 Statimque
904 4689 962 4734 eas
1002 4666 1209 4734 lassitudine
1244 4667 1321 4735 uiae
1354 4666 1524 4735 sedilibus
1565 4664 1692 4734 refotas
1732 4685 1764 4732 et
1797 4664 2002 4731 balneatum

673 4773 858 4861 uaporosis
882 4772 1039 4840 lontibus
1066 4792 1203 4840 curatas
1230 4773 1471 4863 pulcherrimo
1497 4772 1650 4840 triclinio
1678 4772 1848 4860 mitisque
1874 4771 1944 4839 illis
1973 4788 2005 4838 ct

673 4878 783 4946 beatis
816 4880 980 4947 edulibus
1012 4899 1116 4969 atque
1151 4882 1293 4948 tuccetis
1325 4881 1486 4948 oblectat.
1523 4880 1625 4947 lubet
1656 4880 1827 4948 cithatam
1863 4876 1958 4965 loqui
1995 4904 2001 4942 :

673 4985 851 5074 psallitur3
880 4986 983 5053 tibias
1009 5010 1111 5078 agere
1137 5014 1143 5053 :
1170 5007 1335 5072 sonatur3
1365 4990 1492 5057 choros
1518 5010 1642 5055 canere
1668 5014 1674 5054 :
1698 5004 1869 5054 cantatur.
1899 4983 2004 5072 Quae

671 5111 793 5160 cuncta
828 5094 925 5161 nullo
958 5113 1141 5184 praesente
1174 5094 1388 5163 dulcissimis
1421 5095 1574 5163 modulis
1607 5095 1745 5162 animos
1782 5092 2001 5160 audientium
