4492 6475
825 851 1046 920 ..13-

272 1050 346 1117 Nec
372 1065 530 1115 nostrum
550 1047 613 1114 tibi
632 1047 742 1115 deerit
769 1046 982 1129 subsidium,
1002 1049 1062 1115 sed
1090 1070 1170 1115 cunt
1199 1047 1353 1137 primurn
1379 1047 1473 1116 illius
1491 1066 1602 1117 morte

270 1158 417 1224 salutem
448 1155 510 1222 tibi
540 1154 676 1236 feceris,
705 1154 828 1222 anxiae
855 1153 1150 1244 praestolabimus
1175 1154 1380 1244 cunctisque
1405 1155 1480 1222 istis
1505 1156 1603 1224 ocius

270 1281 383 1331 tecum
404 1261 521 1330 relatis
539 1261 671 1330 uotiuis
689 1260 824 1351 nuptiis
842 1261 1024 1329 hominem
1044 1280 1076 1330 te
1094 1262 1284 1353 iungemus
1303 1262 1462 1330 homini'.

250 1449 252 1452 ,
379 1401 416 1447 21
446 1378 525 1447 Tali
541 1379 732 1447 uerborum
752 1378 916 1446 incendio
930 1378 1108 1446 flammata
1124 1380 1257 1445 uiscera
1272 1376 1403 1445 sororis
1420 1378 1487 1445 iam
1508 1400 1602 1468 pror·

271 1510 330 1553 sus
347 1485 515 1554 ardentis.
536 1487 745 1553 Deserentes
768 1484 879 1575 ipsam
904 1485 1079 1575 protinus,
1098 1484 1184 1552 tanti
1210 1483 1291 1552 rnali
1315 1484 1511 1552 confinium
1535 1484 1602 1551 sibi
1634 1496 1651 1562 5

271 1592 374 1661 etiam
394 1593 520 1661 eximie
538 1610 748 1674 metuentes,
767 1592 869 1660 flatus
887 1591 980 1659 alitis
1005 1591 1160 1682 impulsu
1180 1592 1283 1658 solito
1301 1609 1480 1682 porrectae
1498 1614 1604 1681 super

271 1700 455 1790 scopulum
489 1699 569 1767 ilico
603 1698 735 1789 pernici
769 1722 804 1766 se
837 1698 919 1789 fuga
948 1698 1151 1789 proripiunt
1184 1698 1373 1789 statimque
1403 1699 1603 1766 conscensis

273 1807 425 1875 nauibus
451 1807 593 1875 abeunt.
621 1810 667 1874 ht
695 1806 831 1897 Psyche
859 1806 977 1874 relicta
1003 1807 1089 1889 sola,
1119 1805 1186 1873 nisi
1214 1806 1309 1895 quod
1338 1805 1474 1873 infestis
1502 1805 1603 1875 furiis

272 1914 398 2005 agitata
410 1914 484 1981 sola
497 1935 567 1980 non
580 1931 644 1994 est,
658 1929 755 1980 aestu
767 1912 879 2004 pelagi
893 1912 1007 1981 simile
1019 1915 1211 1980 maerendo
1224 1913 1368 1980 fluctuat
1379 1931 1424 1996 et,
1437 1913 1604 2003 quamuis

272 2039 400 2089 statuto
428 2019 575 2088 consilio
604 2037 638 2087 et
659 2018 845 2087 'obstinato
878 2019 1011 2102 animo,
1043 2019 1111 2087 iam
1146 2037 1261 2094 tamen
1296 2019 1441 2087 facinori
1475 2042 1603 2088 manus
1639 2051 1677 2095 ιο

272 2130 468 2196 admonens
485 2128 601 2195 adhuc
619 2125 750 2194 incerta
767 2126 904 2193 consilii
923 2126 1050 2194 titubat
1073 2126 1265 2216 multisque
1286 2127 1495 2195 calamitatis
1520 2149 1603 2195 suae

271 2235 478 2304 distrahitur
506 2233 712 2302 adfectibus.
742 2233 912 2314 Festinat,
939 2232 1075 2314 differt,
1112 2235 1231 2317 audet,
1259 2234 1431 2323 trepidat3
1461 2232 1602 2316 diffidit,

273 2342 453 2429 irascitur3
481 2360 526 2425 et,
545 2342 640 2431 quod
667 2359 717 2408 est
744 2341 922 2423 ultimum,
943 2340 977 2407 in
1009 2342 1133 2408 eodem
1159 2362 1306 2431 corpore
1336 2340 1410 2409 odit
1440 2340 1602 2423 bestiam,

272 2448 386 2540 diligit
418 2448 597 2516 maritum.
629 2448 784 2537 Vespera
816 2464 932 2515 tamen
964 2447 1032 2515 iam
1063 2465 1200 2515 noctem
1233 2450 1391 2515 trahente
1422 2448 1602 2537 praecipiti

273 2555 495 2625 festinatione
513 2555 636 2623 nefarii
656 2554 795 2622 sceleris
814 2555 954 2623 instruit
971 2573 1194 2645 apparatum.
1216 2557 1295 2624 Nox
1315 2557 1435 2623 aderat
1451 2573 1484 2623 et
1502 2555 1603 2624 mari·
1641 2564 1677 2629 15

272 2683 328 2731 tus
353 2666 486 2747 aderat,
517 2662 724 2753 primusque
754 2662 903 2730 Veneris
933 2661 1076 2752 proeliis
1105 2662 1270 2730 uelitatus
1299 2662 1408 2730 altum
1439 2685 1603 2753 soporem

273 2771 511 2838 descenderat.

380 2899 422 2945 22
448 2878 551 2945 Tunc
585 2876 720 2966 Psyche
760 2894 793 2943 et
831 2875 989 2965 corporis
1028 2892 1061 2944 et
1100 2875 1209 2943 animi
1250 2876 1408 2965 alioquin
1451 2876 1605 2959 infirma,

256 2981 331 3054 ‘fati
365 3004 482 3054 tamen
517 2983 662 3051 saeuitia
695 2982 985 3051 subministrante
1018 2982 1156 3051 uiribus
1189 2982 1376 3053 roboratur
1406 3001 1440 3051 et
1471 2985 1606 3073 prolata

275 3092 416 3160 lucerna
449 3108 482 3158 et
513 3092 658 3179 adrepta
693 3090 865 3157 nouacula
894 3111 1015 3157 sexum
1050 3090 1195 3158 audacia
1226 3107 1393 3158 mutatur.
1424 3090 1494 3162 Sed
1524 3112 1604 3158 cum
1637 3119 1680 3165 20

274 3197 429 3289 primum
460 3197 607 3267 luminis
633 3195 812 3266 oblatione
838 3197 904 3265 tori
935 3214 1064 3265 secreta
1093 3197 1308 3281 claruerunt,
1329 3198 1425 3266 uidet
1442 3197 1605 3266 omnium

274 3306 427 3375 ferarum
447 3306 670 3374 mitissimam
688 3305 1002 3394 dulcissimamque
1021 3305 1183 3388 bestiam,
1205 3305 1322 3395 ipsum
1342 3306 1441 3373 illum
1460 3305 1605 3395 Cupidi-

275 3435 354 3481 nem
373 3412 594 3481 formonsum
613 3415 718 3481 deum
739 3412 917 3480 formonse
938 3412 1141 3493 cubantem,
1160 3414 1261 3480 cuius
1283 3431 1424 3502 aspectu
1443 3414 1606 3481 lucernae

274 3543 416 3610 quoque
434 3520 553 3587 lumen
580 3520 768 3587 hilaratum
788 3519 982 3587 increbruit
998 3537 1031 3587 et
1055 3519 1231 3587 acuminis
1255 3519 1412 3610 sacrilegi
1434 3520 1606 3587 nouacula

276 3627 504 3716 praenitebat.
524 3632 571 3696 At
588 3649 674 3695 uero
692 3627 829 3717 Psyche
846 3644 945 3695 tanto
962 3644 1103 3717 aspectu
1117 3626 1282 3695 deterrita
1296 3645 1329 3694 et
1347 3626 1464 3716 impos
1481 3626 1606 3709 animi,
1638 3637 1680 3701 25

277 3734 432 3802 marcido
461 3735 593 3824 pallore
621 3734 753 3802 defecta
782 3753 1008 3822 tremensque
1036 3734 1171 3802 desedit
1204 3734 1237 3802 in
1273 3734 1364 3801 imos
1396 3733 1547 3823 poplites
1575 3751 1608 3801 et

276 3839 405 3908 ferrum
440 3840 577 3929 quaerit
609 3842 837 3924 abscondere,
867 3841 927 3908 sed
962 3841 996 3907 in
1030 3864 1094 3908 suo
1125 3858 1276 3929 pectore.
1308 3839 1418 3928 Quod
1452 3839 1608 3930 profecto

275 3946 424 4029 fecisset,
436 3948 502 4015 nisi
517 3946 649 4015 ferrum
665 3948 791 4016 timore
805 3948 891 4016 tanti
905 3947 1024 4038 flagitii
1035 3947 1202 4015 manibus
1215 3946 1606 4037 temerariisdelapsum

276 4054 461 4123 euolasset.
481 4055 628 4143 lamque
653 4056 757 4138 lassa,
775 4056 886 4123 salute
913 4053 1058 4138 defecta,
1077 4056 1163 4123 dum
1189 4054 1330 4141 saepius
1355 4053 1467 4123 diuini
1489 4054 1608 4122 uultus

266 4161 433 4237 ,intuetur
473 4160 789 4250 pulchritudinem,
830 4180 1005 4229 recreatur
1043 4160 1168 4228 animi.
1203 4160 1308 4229 Videt
1347 4160 1471 4251 capitis
1510 4161 1606 4229 aurei
1639 4171 1682 4237 30

243 4296 246 4301 ·
276 4269 451 4359 genialem
464 4268 652 4336 caesariem
668 4267 845 4336 ambrosia
860 4268 1104 4351 temulentam,
1119 4268 1274 4335 ceruices
1289 4269 1413 4336 lacteas
1430 4290 1608 4358 genasque

278 4398 474 4465 purpureas
504 4394 722 4466 pererrantes
751 4376 904 4443 crinium
933 4375 1057 4467 globds
1086 4375 1259 4443 decoriter
1288 4374 1491 4464 impeditos,
1521 4374 1609 4442 alios

277 4484 547 4572 antependulos,
566 4483 654 4550 alios
671 4483 954 4572 retropendulos,
974 4505 1126 4571 quorum
1150 4483 1338 4570 splendore
1362 4481 1473 4549 nimio
1496 4481 1608 4571 fulgu·

278 4608 374 4658 rante
393 4590 461 4657 iam
480 4609 513 4657 et
530 4590 647 4680 ipsum
663 4591 781 4657 lumen
798 4591 960 4657 lucernae
976 4589 1193 4657 uaccillabat.
1212 4589 1280 4656 Per
1294 4611 1436 4656 umeros
1454 4589 1609 4656 uolatilis

261 4695 332 4764 ⁴dei
351 4697 481 4787 pinnae
500 4697 656 4764 roscidae
683 4696 824 4764 micanti
852 4697 937 4764 flore
963 4697 1147 4764 candicant
1173 4714 1207 4763 et
1232 4695 1398 4785 quamuis
1424 4695 1488 4762 alis
1514 4696 1608 4784 quie·
1640 4704 1681 4771 35

278 4802 456 4871 scentibus
473 4803 621 4871 extimae
641 4803 821 4894 plumulae
836 4804 984 4872 tenellae
1001 4827 1040 4871 ac
1055 4802 1223 4871 delicatae
1238 4802 1386 4870 tremule
1401 4802 1609 4871 resultantes

279 4910 436 4999 inquieta
454 4910 654 4979 lasciuiunt.
674 4912 838 4982 Ceterum
861 4934 989 5000 corpus
1006 4910 1198 5001 glabellum
1217 4927 1321 4998 atque
1340 4910 1556 4977 luculentum
1576 4928 1608 4976 et

273 5018 381 5106 quale
399 5017 576 5109 peperisse
595 5019 768 5086 Venerem
788 5041 857 5086 non
877 5017 1081 5107 paeniteret.
1101 5021 1194 5085 Ante
1213 5017 1327 5084 lectuli
1353 5018 1459 5105 pedes
1477 5016 1609 5084 iacebat

279 5147 380 5193 arcus
397 5144 429 5193 et
447 5127 608 5215 pharetra
626 5143 658 5193 et
675 5125 832 5215 sagittae,
853 5124 971 5217 magni
990 5125 1046 5193 dei
1066 5124 1219 5215 propitia
1237 5124 1316 5191 tela.
