4492 6475
1215 859 1439 927 ..26-

664 1048 967 1143 dum'praecipue
995 1052 1058 1120 tibi
1088 1075 1227 1134 censeo,
1262 1074 1304 1119 ne
1333 1051 1423 1119 uelis
1454 1051 1590 1141 aperire
1620 1052 1676 1119 uel
1707 1050 1879 1142 inspicere
1897 1050 1994 1118 illam

664 1181 772 1247 quam
806 1159 896 1226 feres
928 1159 1094 1250 pyxidem
1131 1159 1187 1227 uel
1224 1158 1373 1252 omnino
1408 1211 1780 1225 ..........................
1814 1156 1993 1226 addictum

664 1265 840 1333 curiosius
857 1261 1110 1334 thensaurum'.

773 1394 816 1440 20
841 1371 899 1444 Sic
913 1373 1020 1442 turris
1034 1373 1092 1440 illa
1106 1372 1293 1463 prospicua
1308 1371 1570 1440 uaticinationis
1584 1392 1717 1438 munus
1730 1369 1907 1460 explicuit.
1921 1372 1995 1439 Nec

615 1493 632 1558 5
665 1496 800 1546 morata
829 1480 963 1569 Psyche
991 1481 1104 1570 pergit
1128 1482 1332 1548 Taenarum
1358 1478 1581 1568 sumptisque
1608 1478 1671 1545 rite
1697 1476 1849 1567 stipibus
1878 1476 1946 1545 illis
1962 1495 1995 1545 et

665 1584 782 1652 offulis
800 1584 981 1653 infernum
999 1587 1154 1654 decurrit
1172 1604 1343 1668 meatum,
1365 1586 1583 1674 transitoque
1602 1607 1663 1674 per
1680 1583 1862 1652 silentium
1880 1583 1993 1652 asina-

666 1691 719 1759 rio
732 1692 839 1759 debili
855 1710 887 1760 et
904 1693 1042 1761 amnica
1061 1692 1150 1781 stipe
1167 1693 1298 1760 uectori
1313 1693 1405 1775 data,
1421 1693 1574 1759 neclecta
1589 1690 1850 1780 supernatantis
1865 1691 1992 1759 mortui

665 1798 841 1867 desiderio
855 1817 888 1867 et
905 1800 1030 1889 spretis
1048 1799 1231 1867 textricum
1247 1798 1406 1867 subdolis
1421 1797 1584 1888 precibus
1602 1816 1634 1866 et
1644 1797 1773 1865 offulae
1786 1797 1865 1864 cibo
1882 1797 1994 1887 sopita

664 1906 761 1973 canis
779 1907 953 1975 horrenda
977 1908 1072 1975 rabie
1096 1909 1245 1975 domum
1273 1907 1507 1995 Proserpinae
1533 1923 1702 1996 penetrat.
1725 1906 1798 1972 Nec
1818 1904 1995 1972 offerentis

597 2051 635 2094 10
666 2013 826 2103 hospitae
855 2014 962 2081 sedile
994 2014 1184 2082 delicatum
1218 2014 1275 2081 uel
1303 2012 1421 2080 cibum
1455 2013 1597 2079 beatum
1627 2012 1801 2101 amplexa,
1828 2012 1889 2078 sed
1917 2029 1995 2078 ante

666 2120 772 2208 pedes
790 2119 866 2187 eius
885 2121 1042 2189 residens
1058 2120 1218 2202 humilis,
1231 2119 1364 2188 cibario
1376 2143 1466 2209 pane
1478 2138 1641 2187 contenta
1652 2118 1842 2187 Veneriam
1854 2118 1996 2209 pertulit
2024 2131 2027 2136 ’

667 2225 892 2316 legationem.
928 2226 1128 2317 Statimque
1161 2243 1293 2295 secreto
1325 2228 1495 2315 repletam
1527 2227 1802 2315 conclusamque
1831 2224 1993 2315 pyxidem

665 2332 811 2422 suscipit
843 2351 876 2400 et
907 2333 1036 2401 offulae
1068 2334 1249 2423 sequentis
1284 2333 1406 2401 fraude
1443 2332 1579 2400 caninis
1613 2331 1794 2400 latratibus
1826 2330 1996 2399 obseratis

666 2438 878 2529 residuaque
897 2441 1038 2508 nauitae
1056 2441 1191 2508 reddita
1217 2440 1306 2530 stipe
1324 2441 1426 2531 longe
1453 2440 1609 2531 uegetior
1633 2439 1677 2506 ab
1695 2438 1818 2506 inieris
1836 2437 1993 2506 recurrit.

599 2566 634 2631 ,5
667 2546 710 2616 Εῐ
738 2547 883 2636 repetita
912 2565 1017 2637 atque
1041 2548 1184 2615 adorata
1210 2546 1359 2615 candida
1387 2546 1449 2614 ista
1478 2548 1567 2629 lucc,
1595 2568 1800 2636 quanquam
1829 2544 1996 2612 festinans

665 2652 879 2742 obsequium
897 2654 1088 2722 terminare
1107 2673 1264 2722 ruentem
1279 2654 1415 2743 capitur
1433 2653 1618 2721 temeraria
1634 2652 1835 2720 curiositate
1853 2670 1886 2719 et
1900 2649 1998 2719 ‘ecce’

667 2760 782 2849 inquit
803 2762 933 2851 ‘inepta
951 2784 1017 2852 ego
1034 2761 1179 2829 diuinae
1202 2761 1457 2829 formonsitatis
1474 2761 1607 2851 gerula,
1627 2782 1717 2849 quae
1739 2781 1801 2827 nec
1818 2758 1995 2827 tantillum

666 2866 810 2957 quidem
841 2868 1000 2936 indidem
1027 2868 1112 2936 mihi
1144 2869 1275 2950 delibo,
1297 2869 1351 2935 uel
1381 2868 1429 2934 sic
1459 2867 1507 2934 illi
1535 2867 1684 2934 amatori
1712 2889 1792 2934 meo
1817 2865 1997 2933 formonso

668 2974 849 3063 placitura'
865 2992 898 3041 et
915 2997 995 3041 cum
1014 2974 1108 3042 dicto
1126 2992 1257 3043 reserat
1275 2975 1452 3065 pyxidem.

594 3129 637 3174 20
775 3112 812 3158 ar
845 3091 919 3158 Nec
933 3090 1126 3180 quicquam
1141 3089 1188 3158 ibi
1207 3111 1324 3158 rerum
1341 3111 1402 3157 nec
1415 3089 1643 3162 formonsitas
1661 3090 1745 3173 ulla,
1760 3088 1819 3155 sed
1840 3087 1998 3156 infernus

666 3219 814 3265 somnus
833 3220 870 3266 ac
889 3220 971 3267 uere
990 3197 1147 3289 Stygius,
1163 3197 1223 3287 qui
1239 3198 1355 3266 statim
1375 3197 1561 3287 coperculo
1577 3197 1752 3265 releuatus
1767 3194 1904 3264 inuadit
1920 3216 1995 3262 eam

666 3328 852 3393 crassaque
875 3306 1013 3396 soporis
1038 3305 1169 3373 nebula
1196 3305 1330 3374 cunctis
1356 3306 1432 3372 eius
1459 3305 1630 3372 membris
1653 3303 1877 3394 perfunditur
1903 3320 1935 3370 et
1961 3302 1995 3370 in

668 3412 744 3502 ipso
763 3412 912 3503 uestigio
931 3412 1076 3503 ipsaque
1095 3412 1220 3480 semita
1238 3413 1440 3502 conlapsam
1461 3411 1627 3502 possidet.
1649 3413 1691 3479 Et
1715 3411 1847 3478 iacebat
1870 3409 1998 3477 immo·

667 3518 749 3586 bilis
780 3536 814 3587 et
847 3517 935 3586 nihil
968 3519 1064 3587 aliud
1098 3542 1205 3608 quam
1240 3521 1422 3587 dormiens
1453 3520 1616 3587 cadauer.
1651 3518 1722 3588 Sed
1753 3517 1895 3606 Cupido
1928 3517 1996 3584 iam

595 3646 635 3712 25
667 3626 825 3694 cicatrice
843 3627 954 3694 solida
981 3628 1203 3694 reualescens
1228 3649 1290 3694 nec
1314 3626 1490 3694 diutinam
1518 3648 1600 3693 suae
1623 3625 1779 3715 Psyches
1802 3624 1995 3691 absentiam

667 3733 834 3814 tolerans,
869 3756 930 3822 per
966 3733 1176 3801 altissimam
1183 3787 1247 3801 .....
1284 3733 1461 3816 [cubiculi]
1494 3756 1566 3822 quo
1599 3731 1831 3799 cohibebatur
1859 3730 1999 3819 elapsus

667 3839 856 3909 fenestram
878 3840 1083 3929 refectisque
1103 3840 1222 3931 pinnis
1239 3841 1419 3930 aliquanta
1438 3841 1555 3929 quiete
1574 3840 1678 3929 longe
1697 3838 1855 3906 uelocius
1873 3860 1998 3927 prouo-

668 3948 743 4014 lans
763 3947 923 4037 Psychen
943 3947 1092 4015 accurrit
1115 3970 1232 4031 suam,
1250 3948 1461 4037 detersoque
1487 3969 1614 4014 somno
1638 3945 1776 4027 curiose
1801 3964 1833 4014 et
1856 3967 1996 4013 rursum

668 4053 702 4121 in
727 4053 912 4144 pristinam
943 4054 1081 4144 pyxidis
1111 4055 1229 4122 sedem
1259 4054 1441 4156 recondito
1470 4055 1628 4144 Psychen
1658 4055 1803 4121 innoxio
1828 4051 1999 4143 punctulo

595 4179 638 4246 30
668 4161 812 4252 sagittae
824 4183 908 4228 suae
920 4160 1064 4229 suscitat
1077 4180 1109 4229 et
1124 4160 1241 4229 :‘eccc'
1255 4161 1370 4251 inquit
1381 4160 1536 4230 ‘rursum
1549 4161 1716 4251 perieras,
1729 4160 1878 4242 misella,
1890 4157 1996 4226 simili
2097 4222 2099 4226 ,

667 4268 880 4336 curiositate.
909 4267 978 4340 Sed
1007 4268 1149 4337 interim
1177 4268 1322 4358 quidem
1351 4287 1386 4336 tu
1415 4268 1652 4359 prouinciam,
1675 4292 1764 4357 quae
1790 4266 1852 4335 tibi
1878 4265 1999 4334 matris

668 4398 766 4442 meae
803 4394 989 4465 praecepto
1031 4378 1196 4444 mandata
1237 4395 1301 4459 est,
1336 4399 1507 4466 exequere
1540 4376 1690 4458 nauiter,
1719 4391 1831 4443 cetera
1862 4391 1999 4464 egomet

669 4481 815 4550 uidero'.
846 4482 913 4550 His
940 4483 1042 4551 dictis
1068 4502 1205 4550 amator
1224 4483 1313 4551 leuis
1332 4483 1367 4550 in
1397 4483 1525 4572 pinnas
1554 4507 1590 4550 se
1618 4481 1726 4563 dedit,
1756 4481 1892 4571 Psyche
1913 4502 1999 4548 uero

667 4588 853 4658 confestim
871 4591 1000 4659 Veneri
1021 4613 1155 4659 munus
1174 4609 1327 4681 reportat
1346 4592 1593 4681 Proserpinae.

490 4712 493 4717 '
595 4716 636 4782 35
775 4718 817 4764 aa
846 4697 982 4765 Interea
1000 4698 1144 4787 Cupido
1162 4721 1281 4765 amore
1301 4698 1413 4766 nimio
1431 4721 1575 4788 peresus
1593 4716 1625 4765 et
1642 4719 1743 4787 aegra
1763 4695 1862 4778 facie,
1878 4696 1999 4762 matris

668 4826 751 4871 suae
766 4804 985 4893 repentinam
1001 4805 1224 4873 sobrictatem
1243 4806 1494 4894 pertimescens
1508 4805 1551 4871 ad
1565 4802 1850 4893 armillumlredit
1864 4802 1999 4891 alisque

669 4910 872 4999 pernicibus
897 4911 982 4978 caeli
1008 4930 1190 5001 penetrato
1217 4913 1346 4980 uertice
1373 4934 1502 5002 magno
1526 4912 1602 4979 Ioui
1629 4908 1999 5000 supplicatjsuamque

667 5039 810 5084 causam
827 5017 962 5106 probat.
976 5018 1440 5108 Tuncluppiterprehensa
1455 5018 1645 5107 Cupidinis
1658 5017 1998 5104 bucculamanuque

668 5124 710 5191 ad
729 5147 767 5191 os
786 5146 890 5191 suum
911 5125 1015 5192 relata
1031 5127 1213 5193 consauiat
1230 5144 1335 5214 atque
1349 5127 1391 5193 ad
1411 5126 1509 5193 illum
1528 5152 1535 5192 :
1553 5126 1643 5193 ‘licet
1656 5127 1704 5192 tu‘
1717 5123 1999 5213 inquit‘domine
