4492 6475
1172 1978 1245 2021 10

1170 2503 1242 2566 15

1162 3054 1246 3099 20

1165 4104 1250 4171 30

1165 4638 1246 4705 35

2413 790 2863 854 —15-

1309 984 1672 1060 maritum,
1733 982 1932 1073 quasi
1990 984 2074 1051 de
2134 1001 2359 1051 morte
2421 1001 2795 1073 parentum
2853 982 3118 1072 aliquid
3185 983 3667 1073 comperisset,
3736 984 3969 1051 statim

1309 1114 1565 1160 nauem
1604 1091 1919 1158 ascendit
1953 1109 2018 1157 et
2061 1091 2145 1157 ad
2201 1090 2402 1157 illum
2453 1091 2822 1180 scopulum
2877 1090 3203 1180 protinus
3252 1091 3480 1182 pergit
3526 1109 3594 1159 et
3639 1091 3972 1181 quamuis

1306 1199 1444 1265 alio
1467 1199 1676 1266 flante
1707 1215 1947 1281 uentO,
1967 1220 2166 1264 caeca
2196 1198 2570 1287 spejtamen
2596 1197 2907 1279 inhians,
2928 1196 3187 1287 ‘accipe
3211 1205 3345 1264 me'
3369 1196 3969 1289 dicenstupidO,

1304 1305 1589 1396 dignam
1648 1323 1714 1372 te
1770 1304 2173 1395 coniugem,
2230 1322 2297 1371 et
2351 1321 2452 1387 tu,
2507 1304 2857 1395 Zephyre,
2913 1303 3191 1394 suscipe
3243 1304 3634 1372 dominam'
3666 1305 3845 1373 saltu
3900 1328 3969 1373 se

1307 1413 1618 1480 maximo
1671 1412 2123 1502 praecipitem
2163 1411 2381 1481 dedit.
2426 1412 2573 1479 Nec
2608 1428 2843 1479 tamen
2898 1412 2983 1478 ad
3036 1411 3238 1479 illum
3278 1413 3512 1480 locum
3563 1414 3673 1481 uel
3724 1413 3971 1481 saltem

1307 1539 1584 1588 mortua
1636 1519 2009 1608 peruenire
2047 1519 2296 1604 potuit.
2342 1520 2529 1587 Nam
2580 1541 2705 1609 per
2752 1541 2913 1587 saxa
2948 1518 3260 1586 cautium
3312 1518 3657 1588 membris
3708 1519 3972 1588 iactatis

1305 1645 1514 1715 atque
1556 1626 1914 1715 dissipatis
1963 1644 2029 1694 et
2082 1625 2377 1716 proinde
2432 1644 2505 1692 ut
2559 1625 2962 1694 merebatur
3014 1625 3328 1694 laceratis
3385 1625 3774 1694 uisceribus
3826 1626 3971 1695 suis

1306 1733 1592 1800 alitibus
1643 1732 2025 1821 bestiisque
2076 1732 2375 1800 obuium
2427 1731 2655 1800 ferens
2707 1732 3052 1822 pabulum
3102 1732 3391 1801 interiit.
3435 1734 3583 1801 Nec
3621 1731 3970 1801 uindictae

1305 1839 1664 1929 sequentis
1724 1862 1950 1928 poena
2008 1839 2336 1908 tardauit.
2403 1841 2589 1908 Nam
2652 1841 2924 1929 Psyche
2987 1863 3230 1908 rursus
3286 1839 3694 1909 errabundo
3749 1842 3970 1931 gradu

1307 1945 1632 2036 peruenit
1683 1947 1767 2013 ad
1813 1945 2171 2014 ciuitatem
2226 1945 2467 2027 aliam,
2524 1946 2594 2014 in
2652 1969 2789 2035 qua
2844 1946 2991 2036 pari
3045 1948 3259 2015 modo
3312 1969 3511 2014 soror
3563 1946 3973 2015 morabatur
4075 1934 4081 1939 ³

1305 2053 1463 2121 alia.
1508 2054 1654 2122 Nec
1690 2052 1905 2120 setius
1951 2070 2016 2119 et
2068 2052 2218 2142 ipsa
2272 2051 2541 2119 fallacie
2593 2052 3077 2143 germanitatis
3130 2053 3414 2122 inducta
3468 2072 3534 2122 et
3588 2053 3654 2121 in
3710 2053 3972 2122 sororis

1305 2161 1673 2229 sceleratas
1739 2159 2023 2249 nuptias
2086 2161 2365 2226 aemula
2443 2157 2803 2227 festinauit
2866 2162 2951 2228 ad
3020 2161 3392 2249 scopulum
3462 2160 3677 2250 inque
3741 2161 3971 2229 simile

1308 2266 1556 2335 mortis
1590 2265 1883 2333 exitium
1920 2264 2192 2333 cecidit.

1526 2382 1612 2450 28
1665 2380 1959 2449 Interim
1994 2381 2167 2448 dum
2207 2381 2481 2470 Psyche
2517 2381 2910 2470 quaestioni
2950 2382 3332 2471 Cupidinis
3368 2382 3633 2451 intenta
3669 2369 3973 2474 populos

1308 2489 1751 2571 circumibat,
1792 2495 1902 2570 [at]
1941 2488 2055 2555 ille
2093 2488 2386 2555 uulnere
2422 2488 2747 2556 lucernae
2781 2488 3029 2556 dolens
3066 2488 3135 2557 in
3176 2489 3331 2578 ipso
3368 2491 3680 2559 thalamo
3714 2491 3975 2558 ’matris

1307 2597 1539 2665 iacens
1577 2594 2001 2687 ingemebat.
2039 2596 2246 2663 Tunc
2294 2594 2447 2662 auis
2484 2594 2768 2685 peralba
2807 2595 2920 2663 illa
2967 2597 3200 2687 gauia,
3238 2620 3417 2686 quae
3462 2621 3673 2687 super
3721 2598 3975 2666 fluctus

1306 2704 1624 2772 marinos
1658 2701 1902 2792 pinnis
1947 2720 2162 2785 natat,
2199 2702 2546 2792 demergit
2589 2724 2738 2769 sese
2774 2724 3070 2793 propere
3113 2705 3199 2771 ad
3246 2705 3486 2772 oceani
3534 2705 3972 2794 profundum

1305 2811 1684 2902 gremium.
1729 2810 1833 2877 Ibi
1870 2811 2332 2877 commodum
2368 2810 2716 2876 Venerem
2760 2809 3110 2877 lauantem
3149 2827 3651 2899 natantemque
3687 2829 3974 2901 propter

1307 2918 1651 2985 adsistens
1732 2916 1994 2985 indicat
2073 2917 2407 2983 adustum
2490 2914 2716 2983 filium
2797 2915 2975 2999 eius,
3058 2916 3255 3006 graui
3338 2917 3652 2985 uulneris
3729 2919 3972 2986 dolore

1308 3043 1770 3106 maerentem,
1807 3022 2110 3090 dubium
2146 3022 2390 3090 salutis
2427 3022 2647 3090 iacere
2685 3023 2967 3112 iamque
3006 3044 3129 3113 per
3154 3042 3566 3092 cunctorum
3603 3048 3725 3092 ora
3754 3047 3972 3115 popu-

1309 3135 1539 3201 lorum
1608 3129 2018 3199 rumoribus
2082 3129 2563 3219 conuiciisque
2635 3129 2849 3198 uariis
2913 3152 3202 3197 omnem
3263 3130 3562 3199 Veneris
3626 3130 3972 3200 familiam

1308 3241 1489 3309 male
1543 3239 1815 3320 audire,
1853 3239 2042 3327 quod
2081 3237 2194 3306 ille
2229 3237 2522 3327 quidem
2576 3256 2919 3305 montano
2972 3256 3302 3321 scortatu,
3340 3255 3411 3306 tu
3470 3262 3639 3307 uero
3694 3239 3974 3307 marino

1308 3364 1545 3415 natatu
1592 3344 2015 3413 secesseritis
2067 3367 2145 3413 ac
2181 3366 2305 3434 per
2342 3345 2471 3411 hoc
2527 3366 2665 3411 non
2724 3344 3052 3434 uoluptas
3106 3346 3275 3428 ulla,
3331 3367 3470 3412 non
3527 3345 3773 3437 gratia,
3831 3368 3970 3414 non

1309 3455 1531 3544 lep05,
1569 3455 1688 3521 sed
1729 3452 2084 3542 incompta
2121 3473 2188 3518 et
2221 3450 2517 3543 agrestia
2553 3467 2618 3518 et
2663 3451 2950 3520 horrida
2993 3469 3241 3519 cuncta
3288 3452 3453 3535 sint,
3495 3475 3635 3519 non
3684 3453 3972 3542 nuptiae

1308 3561 1741 3651 coniugaleS,
1810 3581 1949 3625 non
2018 3557 2369 3625 amicitiae
2433 3557 2750 3639 socialeS,
2825 3580 2968 3626 non
3051 3558 3353 3627 liberum
3435 3559 3780 3642 caritateS,
3849 3561 3968 3627 sed

1308 3667 1623 3735 enormis
1657 3667 1928 3734 eluuies
1961 3682 2027 3733 et
2070 3664 2546 3754 squalentium
2591 3664 2958 3735 foederum
3005 3665 3301 3734 insuaue
3346 3665 3733 3734 fastidium.
3779 3668 3972 3735 Haec

1310 3775 1425 3842 illa
1483 3775 1778 3842 uerbosa
1814 3790 1880 3840 et
1931 3772 2097 3839 satis
2150 3771 2425 3840 curiosa
2479 3772 2632 3839 auis
2685 3773 2753 3840 in
2814 3773 3106 3842 auribus
3158 3773 3455 3842 Veneris
3508 3773 3604 3840 fili
3661 3773 3972 3841 lacerans

1309 3881 1900 3949 existimationem
1933 3879 2339 3970 ganniebat.
2364 3884 2453 3946 At
2472 3880 2716 3946 Venus
2745 3879 2914 3948 irata
2935 3879 3243 3947 solidum
3273 3882 3612 3947 exclamat
3639 3883 3926 3970 repen'te
3954 3907 3966 3947 :

1304 3990 1518 4078 ‘Ergo
1564 3988 1705 4055 iam
1759 3987 1872 4053 ille
1935 3986 2166 4053 bonus
2219 3984 2404 4052 filius
2457 4007 2657 4053 meus
2693 3985 2904 4053 habet
2937 3985 3240 4053 amicam
3277 3985 3636 4075 aliquam?
3693 4009 3970 4076 prome,

1310 4095 1644 4184 agedum,
1681 4115 1859 4183 quae
1897 4093 2042 4159 sola
2093 4091 2271 4159 mihi
2308 4091 2533 4159 seruis
2567 4110 2910 4175 amanter,
2950 4114 3211 4160 nomen
3259 4091 3409 4159 eius
3443 4115 3624 4181 quae
3669 4115 3972 4182 puerum

1313 4203 1704 4292 ingenuum
1741 4218 1807 4268 et
1842 4200 2191 4267 inuestem
2226 4198 2656 4283 sollicitauit,
2695 4198 2843 4267 siue
2882 4199 2997 4266 illa
3030 4200 3117 4267 de
3165 4200 3672 4290 Nympharum
3709 4201 3974 4291 populo

1310 4331 1433 4376 seu
1468 4309 1554 4376 de
1595 4310 1954 4376 Horarum
2005 4327 2303 4372 numero
2353 4328 2473 4372 seu
2527 4307 2613 4374 de
2667 4306 3038 4373 Musarum
3088 4307 3302 4375 choro
3355 4307 3464 4374 uel
3513 4307 3599 4374 de
3652 4329 3972 4377 mearum

1309 4415 1718 4486 Gratiarum
1772 4412 2207 4483 ministerio'.
2266 4414 2410 4479 Nec
2461 4413 2713 4500 loquax
2763 4413 2878 4480 illa
2929 4413 3266 4481 conticuit
3299 4413 3478 4497 auiS,
3525 4414 3647 4481 sed
3692 4413 3971 4481 ‘nescio'

1312 4523 1542 4613 inquit
1588 4521 1945 4603 ‘domina3
1997 4535 2169 4608 puto
2215 4520 2524 4608 puellam
2576 4520 2654 4607 (si
2693 4520 2910 4609 probe
2961 4520 3284 4604 memini,
3326 4521 3633 4611 Psyches
3684 4521 3972 4589 nomine

1309 4629 2158 4716 dicitur)efflictecupere².
2177 4628 2381 4694 Tunc
2406 4626 2768 4716 indignata
2792 4629 3032 4695 Venus
3056 4628 3473 4697 exclamauit
3496 4630 3605 4697 uel
3630 4629 3966 4696 maxime:

1306 4738 1657 4826 ‘Psychen
1687 4735 1827 4818 ille,
1861 4757 2054 4802 meae
2087 4733 2353 4800 formae
2382 4733 2948 4813 succubam,-mei
2982 4734 3294 4800 nominis
3321 4736 3703 4818 aemulam,
3727 4734 3784 4803 si
3810 4757 3971 4803 uere

1312 4844 1567 4934 diligit,
1652 4842 1993 4910 nimirum
2078 4840 2251 4907 illud
2334 4840 2851 4908 incrementum
2920 4839 3153 4908 lenam
3219 4863 3332 4907 me
3403 4843 3706 4929 putauit,
3770 4841 3973 4909 cuius

1313 4968 1707 5018 monstratu
1747 4950 2055 5040 puellam
2095 4948 2286 5015 illam
2324 4949 2829 5038 cognosceret³?

1529 5080 1616 5146 29
1671 5059 1864 5124 Haec
1887 5055 2234 5144 quiritans
2259 5054 2648 5144 properiter
2674 5055 2968 5143 emergit
2994 5077 3029 5121 e
3059 5056 3234 5122 mari
3267 5078 3620 5144 suumque
3650 5055 3974 5144 protinus
