4492 6475
851 899 1072 945 ...21-

401 1071 422 1134 8
449 1072 524 1158 Nec
549 1069 750 1139 Mercurius
772 1069 892 1139 omisit
916 1069 1152 1160 obsequium3
1181 1093 1263 1139 nam
1289 1094 1351 1160 per
1375 1070 1539 1139 omnium
1564 1094 1623 1139 ora

294 1179 511 1267 populorum
536 1178 668 1267 passim
686 1176 887 1245 discurrens
913 1176 962 1244 sic
984 1178 1170 1246 mandatae
1196 1176 1468 1267 praedicationis
1494 1200 1625 1245 munus

293 1284 531 1373 exequebatur
557 1310 564 1351 :
589 1283 723 1373 ‘Siquis
749 1308 768 1351 a
797 1283 878 1376 fuga
907 1285 1082 1354 retrahere
1113 1286 1168 1352 uel
1187 1286 1360 1352 occultam
1382 1285 1625 1353 demonstrare

294 1390 421 1480 poterit
442 1390 631 1481 fugitiuam
654 1390 745 1482 regis
766 1391 890 1475 liliam,
909 1392 1057 1459 Veneris
1081 1392 1260 1475 ancillam,
1280 1393 1425 1460 nomine
1449 1393 1623 1482 Psychen,

294 1497 1626 1589 conueniatretrometasMurtiasMercuriumpraedicatorem,accepturus
1657 1518 1671 1582 ζ

295 1603 471 1671 iudiciuae
496 1604 641 1672 nomine
666 1604 710 1672 ab
740 1605 815 1695 ipsa
843 1606 980 1673 Venere
1010 1624 1145 1694 septem
1171 1606 1268 1672 sauia
1297 1605 1421 1672 suauia
1450 1623 1482 1672 et
1511 1627 1625 1671 unum

294 1709 508 1779 blandientis
525 1711 675 1801 adpulsu
695 1711 836 1802 linguae
853 1712 957 1801 longe
973 1712 1171 1779 mellitum'.
1191 1713 1245 1779 Ad
1265 1711 1359 1779 hunc
1378 1712 1526 1778 moduni
1545 1733 1626 1800 pro-

295 1817 1408 1909 nuntianteMercuriotantipraemiicupidocertatimomnium
1421 1818 1626 1886 mortalium

294 1924 453 1991 studium
481 1924 673 1993 adrexerat.
694 1923 799 2013 Quae
827 1948 881 1993 res
911 1948 1005 1993 nunc
1035 1927 1090 1994 uel
1119 1926 1272 1994 maxime
1302 1925 1443 1992 sustulit
1474 1925 1627 2015 Psyches

294 2053 439 2099 omnem
458 2031 732 2099 cunctationem.
753 2031 902 2122 Iamque
916 2033 1008 2102 fores
1021 2033 1051 2102 ei
1066 2034 1232 2101 dominae
1247 2031 1461 2123 proximanti
1475 2032 1627 2100 occurrit

295 2159 364 2205 una
382 2138 424 2205 de
442 2135 664 2206 famulitione
678 2139 827 2207 Veneris
842 2140 986 2208 nomine
1001 2140 1233 2210 Consuetudo
1247 2140 1438 2229 statimque
1450 2157 1624 2229 quantum

295 2244 448 2313 maxime
474 2244 588 2334 potuit
613 2246 809 2314 exclamat:
831 2245 1019 2328 tTandem,
1038 2247 1165 2314 ancilla
1190 2245 1422 2336 nequissima,
1440 2245 1626 2315 dominam

296 2351 425 2420 habere
442 2371 474 2420 te
492 2353 579 2420 scire
601 2352 771 2443 coepisti?
799 2376 841 2420 an
869 2377 933 2444 pro
955 2371 1066 2422 cetera
1093 2375 1237 2421 morum
1259 2373 1403 2422 tuorum
1431 2343 1625 2421 temeritate

296 2458 388 2526 istud
406 2482 549 2548 quoque
567 2459 701 2528 nescire
727 2479 758 2528 te
785 2461 902 2552 lingis,
921 2479 1073 2551 quantos
1100 2461 1238 2529 labores
1260 2462 1349 2529 circa
1374 2479 1451 2528 tuas
1476 2459 1626 2549 inquisi-

295 2565 408 2633 tiones
435 2567 733 2635 sustinuerimus?
763 2570 824 2636 sed
854 2569 957 2650 bene,
986 2570 1082 2659 quod
1112 2590 1209 2635 meas
1241 2568 1468 2657 potissimum
1498 2589 1627 2635 manus
1684 2591 1695 2606 ⁷

296 2672 447 2740 incidisti
474 2692 507 2741 et
533 2674 622 2743 inter
650 2674 733 2744 Orci
764 2697 908 2744 cancros
937 2676 1007 2743 iam
1037 2676 1134 2766 ipsos
1163 2675 1318 2756 haesisti,
1344 2676 1467 2742 datura
1497 2672 1627 2742 scilicet

294 2797 451 2848 actutum
470 2797 584 2848 tantae
603 2783 845 2850 contumaciae
868 2779 1021 2872 poenas’.

401 2919 422 2985 9
449 2897 492 2965 Et
512 2896 690 2966 audaciter
715 2898 749 2965 in
776 2899 922 2989 capillos
946 2899 1021 2967 eius
1047 2899 1208 2968 immissa
1232 2921 1339 2966 manu
1366 2898 1524 2966 trahebat
1548 2919 1625 2965 eam

295 3023 520 3091 nequaquam
539 3004 762 3072 renitentem.
783 3005 904 3093 Quam
924 3006 984 3073 ubi
1011 3006 1168 3096 primurn
1195 3007 1376 3074 inductam
1399 3005 1625 3094 oblatamque

294 3108 360 3177 sibi
387 3110 569 3199 conspexit
594 3113 729 3192 Venus,
758 3112 990 3180 laetissimum
1021 3114 1235 3181 cachinnum
1262 3113 1394 3180 extollit
1424 3130 1456 3179 et
1484 3113 1625 3202 qualem

295 3216 408 3285 solent
425 3215 582 3287 furenter
606 3219 699 3301 irati,
717 3239 893 3311 caputque
910 3219 1074 3311 quatiens
1099 3240 1132 3289 et
1156 3222 1337 3312 ascalpens
1362 3243 1484 3289 aurem
1509 3220 1626 3288 dexte-

295 3347 369 3393 ram
391 3327 600 3395 :Tandem’
623 3326 737 3417 inquit
752 3327 904 3419 ‘dignata
922 3351 958 3395 es
976 3351 1117 3396 socrum
1137 3347 1232 3396 tuam
1252 3329 1425 3397 salutare?
1445 3352 1488 3396 an
1509 3328 1627 3418 potius

296 3431 478 3515 maritum,
497 3432 556 3522 qui
576 3451 637 3502 tuo
655 3435 803 3503 uulnere
821 3434 1051 3525 periclitatur,
1071 3435 1278 3505 interuisere
1298 3435 1449 3504 uenisti?
1475 3437 1534 3503 sed
1553 3455 1626 3503 esto

297 3562 435 3623 secura,
454 3539 525 3607 iam
544 3540 642 3609 enim
660 3532 833 3632 excipiam
856 3560 887 3610 te
906 3561 943 3610 ut
965 3542 1098 3611 bonam
1127 3564 1259 3610 nurum
1285 3545 1472 3612 condecet‘.
1495 3544 1538 3611 Et
1552 3543 1624 3611 ‘ubi

1662 2074 1700 2117 10

1663 2611 1698 2655 lD

1658 3155 1700 3200 20

295 3646 387 3713 sunt'
401 3646 1355 3738 inquit‘SollicitudoatqueTristities,ancillaenteae’?
1372 3650 1519 3738 Quibus
1533 3649 1626 3718 intro
1656 3700 1688 3739 ⁴..

295 3753 428 3821 uocatis
440 3757 676 3843 torquendam
691 3756 834 3823 tradidit
847 3779 936 3824 eam.
952 3763 997 3825 At
1011 3757 1090 3824 illae
1105 3774 1292 3847 sequentes
1302 3758 1386 3825 erile
1398 3775 1624 3848 praeceptum

296 3860 457 3950 Psychen
478 3862 652 3929 misellam
670 3862 816 3954 flagellis
829 3863 991 3931 afflictam
1007 3882 1039 3931 et
1052 3865 1175 3932 ceteris
1189 3865 1375 3932 tormentis
1392 3864 1624 3932 excruciatam

295 3966 421 4035 iterum
456 3968 621 4036 dominae
654 3970 857 4058 conspectui
891 3971 1055 4039 reddunt.
1090 3974 1194 4039 Tunc
1226 3994 1350 4039 rursus
1382 3972 1520 4039 sublato
1553 3971 1624 4040 risu

293 4075 415 4141 Venus
431 4100 438 4141 ε
451 4081 495 4143 ‘et
512 4084 599 4143 ecce’
613 4076 728 4165 inquit
738 4077 854 4145 ‘nobis
868 4078 998 4169 turgidi
1015 4079 1148 4146 uentris
1162 4078 1215 4146 sui
1234 4078 1408 4147 lenocinio
1422 4096 1627 4146 commouet

295 4180 572 4266 miserationem,
607 4184 700 4251 unde
734 4207 790 4251 me
820 4185 996 4275 praeclara
1026 4186 1149 4253 subole
1179 4187 1298 4254 auiam
1330 4187 1467 4253 beatam
1497 4186 1626 4253 scilicet

294 4286 407 4356 faciat.
429 4289 525 4357 Felix
544 4312 630 4358 uero
648 4314 725 4381 eg0,
744 4315 833 4381 quae
852 4291 888 4360 in
908 4292 984 4382 ipso
1002 4294 1123 4361 aetatis
1143 4316 1240 4361 meae
1259 4294 1344 4361 flore
1363 4294 1517 4362 uocabor
1530 4292 1624 4375 auia,

294 4412 327 4461 et
344 4395 426 4463 uilis
443 4396 589 4463 ancillae
612 4397 706 4465 lilius
730 4422 839 4488 nepos
856 4399 1005 4467 Veneris
1027 4401 1158 4468 audiet.
1179 4400 1400 4490 Quanquam
1427 4400 1543 4490 inepta
1561 4423 1626 4491 ego

293 4499 421 4569 frustra
446 4503 559 4570 filium
586 4504 714 4572 dicam.
737 4507 895 4596 Impares
921 4507 1015 4574 enim
1045 4508 1189 4598 nuptiae
1215 4526 1247 4575 et
1273 4526 1450 4598 praeterea
1478 4507 1511 4575 in
1541 4507 1626 4575 uilla

293 4606 369 4676 sine
386 4609 533 4677 testibus
550 4627 582 4678 et
600 4629 696 4701 patre
715 4634 785 4680 non
809 4614 1051 4681 consentiente
1069 4612 1177 4682 factae
1194 4614 1370 4705 legitimae
1389 4637 1457 4682 non
1478 4633 1626 4704 possunt

1656 4208 1699 4276 30

294 4715 421 4799 uideri,
440 4739 478 4783 ac
497 4717 641 4808 per2hoc
659 4718 803 4808 spurius
826 4720 889 4787 iste
908 4738 1090 4804 nascetur,
1117 4720 1145 4787 si
1169 4739 1284 4789 tamen
1311 4739 1451 4811 partum
1476 4720 1625 4787 omnino
1655 4742 1696 4811 35

293 4820 448 4911 perferre
464 4841 495 4891 te
519 4826 715 4913 patiemur'.

406 4953 444 4996 ro
471 4931 538 4998 His
567 4932 670 4999 editis
699 4933 835 5000 inuolat
869 4956 947 5001 eam
975 4953 1184 5024 uestemque
1215 4934 1435 5026 plurifariam
1464 4935 1625 5003 diloricat

293 5036 490 5126 capilloque
508 5038 655 5105 discisso
672 5057 705 5107 et
729 5039 841 5129 capite
859 5060 1092 5130 conquassato
1109 5041 1264 5132 grauiter
1280 5041 1414 5133 affligit,
1433 5060 1466 5110 et
1483 5060 1624 5133 accepto

292 5139 472 5211 frumento
491 5162 523 5211 et
549 5145 682 5214 hordeo
699 5163 732 5214 et
750 5146 849 5214 milio
867 5166 900 5215 et
922 5170 1099 5238 papauere
1124 5168 1158 5217 et
1181 5150 1290 5217 cicere
1314 5168 1347 5217 et
1372 5150 1463 5216 lente
1488 5168 1521 5217 et
1545 5149 1622 5217 faba
